2872 3268
1311 261 1390 304 139

903 625 1304 681 EDITORIS
1374 625 1604 680 NOTU
1617 626 1796 681 LAE.

453 801 484 836 F
486 801 533 837 ol.
554 801 585 838 1.
612 801 763 838 Initium
781 802 835 838 sEi
857 801 1040 848 euangelii
1058 812 1067 822 ·
1087 814 1149 839 sec
1168 811 1176 819 ·
1193 802 1385 837 matheum
1404 810 1412 819 ·
1429 802 1586 847 scripsit
1608 813 1656 837 m.
1666 804 1710 848 p.
1759 802 1807 837 In
1831 802 1911 836 ima
1926 802 2078 848 pagina
2102 799 2257 846 scripsit

546 857 700 903 aliquid
710 869 847 893 manus
855 859 1056 905 posterior,
1074 859 1267 904 scriptura
1283 861 1409 892 autem
1425 858 1595 902 euanuit,
1615 858 1672 893 ita
1689 861 1735 893 ut
1750 857 1855 893 nihil
1868 857 1948 903 legi
1956 857 2090 903 possit.

453 920 532 956 Fol.
552 920 585 956 2.
610 922 659 956 In
675 922 794 967 capite
802 923 973 968 paginae
987 923 1172 968 scriptum
1188 925 1244 957 est
1258 933 1306 957 m.
1326 931 1347 966 3
1373 920 1466 957 liber
1488 920 1559 957 iste
1584 928 1641 957 est
1665 924 1728 957 soe
1751 921 1868 957 marie
1892 923 2019 967 sffique
2045 917 2251 956 corbiniani

544 975 723 1022 frisinge;
752 987 782 1013 1.
812 977 854 1013 16
879 990 928 1024 qu
954 985 1083 1014 ocatur
1109 989 1156 1013 m.
1166 980 1207 1023 p.
1234 976 1244 1011 i
1271 988 1293 1012 o
1318 979 1501 1022 superscr.
1528 987 1622 1012 corr.
1642 989 1690 1012 m.
1701 979 1744 1023 p.
1809 986 1862 1020 17.
1889 978 1940 1012 Et
1965 976 2014 1012 ad
2041 974 2177 1012 dauid:
2203 973 2253 1010 ad

546 1042 593 1066 m.
601 1034 645 1077 p.
671 1032 697 1067 d
721 1044 745 1067 a
771 1044 866 1068 corr.
892 1034 1011 1069 semi-.
1039 1044 1148 1068 erasa
1176 1036 1240 1068 est.
1311 1033 1352 1068 18
1376 1033 1398 1069 ἦ·
1429 1032 1580 1068 addidit
1605 1043 1654 1069 m.
1680 1042 1713 1075 2,
1739 1043 1836 1078 quae
1866 1033 1983 1068 etiam
2010 1033 2054 1067 in
2080 1031 2255 1076 margine
2318 1031 2320 1033 ’

545 1085 690 1122 initium
711 1086 716 1133 Ι
738 1088 809 1124 lect
828 1088 875 1124 de
896 1087 900 1134 Ι
923 1088 1119 1124 natiuitate
1141 1087 1146 1134 Ι
1168 1087 1232 1124 dni
1250 1092 1296 1123 ut
1310 1087 1431 1123 udtur
1444 1088 1623 1134 scripsit,-
1643 1089 1836 1135 scriptura
1844 1090 1968 1134 paene
1982 1098 2092 1123 erasa
2107 1090 2172 1122 est.

453 1150 532 1185 Fol.
550 1149 584 1185 2.
601 1150 637 1186 b.
657 1161 697 1186 21
712 1153 803 1197 post
816 1163 945 1188 eorum
962 1152 1112 1188 addidit
1129 1153 1151 1189 †
1169 1163 1217 1187 m.
1236 1162 1268 1197 2,
1286 1152 1391 1198 quod
1391 1152 1512 1198 finem
1530 1151 1812 1198 lectz‘onzsfhrte
1826 1151 2026 1198 significat.

453 1214 533 1248 Fol.
553 1214 585 1249 3.
613 1214 647 1249 2.
668 1224 698 1250 1.
716 1216 846 1262 Super
859 1217 953 1252 Cum
967 1227 1055 1261 ergo
1073 1217 1226 1262 scripsit
1238 1227 1286 1251 m.
1301 1225 1322 1250 2
1340 1215 1378 1250 in
1393 1216 1452 1251 die
1470 1219 1534 1251 seo
1547 1215 1716 1261 epefanie
1737 1215 1742 1261 Ι
1764 1215 1873 1252 lectio
1891 1215 2023 1261 prima.
2057 1215 2087 1251 C
2099 1215 2142 1249 in
2157 1214 2252 1250 Cum

545 1269 674 1304 littera
706 1271 884 1317 capitalis
915 1276 979 1316 est,
1010 1271 1134 1306 uariis
1166 1271 1349 1306 coloribus
1382 1271 1537 1318 depicta,
1561 1272 1604 1306 in
1636 1282 1713 1316 qua
1741 1273 1925 1318 scriptum
1953 1275 2009 1306 est
2033 1282 2058 1305 a
2086 1281 2135 1305 m.
2152 1272 2196 1316 p.
2214 1269 2252 1305 in

545 1325 737 1362 natiuitate
771 1326 834 1362 dni
867 1328 924 1362 ita
951 1331 996 1362 ut
1021 1326 1111 1362 llaec
1140 1327 1253 1362 uerba
1285 1326 1328 1361 in
1355 1326 1505 1362 litterae
1537 1327 1769 1362 decoratione
1800 1327 1989 1373 implicita
2021 1327 2111 1361 sint.
2160 1326 2254 1360 Post

544 1380 791 1427 hierosolyma
817 1383 859 1417 in
884 1384 1057 1429 margine
1082 1382 1268 1428 scriptum
1298 1385 1355 1417 est
1385 1384 1528 1418 sfffztam
1554 1393 1671 1417 manu
1701 1392 1722 1418 2
1748 1386 1794 1418 ut
1816 1382 1946 1427 udtur,
1971 1382 2041 1417 sed
2058 1382 2250 1427 scriptura

540 1438 665 1482 paene
680 1438 850 1473 euanuit.
899 1447 920 1482 3
938 1437 1145 1483 hierolyma
1160 1439 1218 1473 ita
1238 1437 1325 1473 Cod.

452 1500 530 1535 Fol.
556 1501 589 1535 4.
615 1510 649 1545 9.
683 1501 768 1537 setit
794 1502 852 1536 ita
880 1502 966 1538 Cod.
988 1504 1065 1548 pro
1092 1501 1199 1537 stetit.
1316 1511 1369 1537 11.
1404 1500 1558 1537 intrntes
1587 1512 1634 1536 m.
1662 1503 1717 1547 p.‚
1747 1513 1771 1537 a
1796 1503 1977 1548 superscr.
2011 1511 2106 1537 corr.
2139 1511 2187 1535 m.
2206 1502 2251 1546 p.

550 1565 604 1600 13.
638 1556 743 1591 Ante
776 1558 877 1592 Ecce
904 1558 1069 1603 ponitur
1100 1557 1122 1594 †
1155 1567 1272 1591 manu
1302 1566 1323 1592 2
1348 1556 1453 1602 quod
1470 1557 1591 1603 finem
1625 1560 1670 1592 ut
1702 1557 1823 1592 udtur
1853 1557 2021 1593 lectionis
2051 1555 2251 1603 significat.

546 1612 720 1656 angelus:
741 1614 928 1658 punctum
944 1615 1059 1659 super
1073 1624 1094 1648 e
1105 1613 1275 1658 positum
1291 1623 1310 1647 e
1326 1612 1436 1658 lapsu
1452 1611 1593 1647 calami
1606 1623 1680 1647 esse
1696 1613 1825 1648 udtur.

451 1675 532 1710 Fol.
549 1675 572 1710 4
589 1675 624 1710 b.
657 1676 706 1710 In
722 1676 843 1722 capite
850 1678 943 1723 pag.
962 1679 1077 1723 super
1093 1677 1225 1722 Usque
1245 1687 1318 1722 quo
1339 1676 1451 1711 dica-
1472 1676 1626 1722 scripsit
1647 1676 1809 1712 seconda
1832 1676 1935 1711 natal
1953 1686 2004 1711 sc.
2029 1686 2078 1711 m.
2097 1685 2129 1719 2,
2156 1685 2252 1720 quae

543 1730 633 1765 item
650 1731 711 1774 †,†
720 1733 812 1777 post
825 1743 940 1767 meu*
955 1736 993 1767 et
1005 1735 1093 1767 ante
1109 1733 1216 1767 Tunc
1234 1731 1392 1767 addidit.
1446 1739 1498 1777 15.
1525 1732 1601 1777 qud
1619 1742 1666 1767 m.
1678 1733 1721 1777 p.
1740 1743 1762 1766 0
1778 1734 1960 1778 superscr.
1978 1742 2073 1766 corr.
2091 1742 2139 1766 m.
2149 1732 2193 1776 p.

451 1794 530 1829 Fol.
548 1794 582 1830 5.
618 1795 672 1830 18.
697 1806 853 1840 prorans
870 1796 927 1831 ita
946 1795 1032 1832 Cod.
1138 1804 1183 1840 23
1205 1795 1300 1830 Post
1316 1795 1498 1831 habitauit
1520 1795 1670 1830 addidit
1684 1795 1706 1832 †
1723 1806 1771 1830 m.
1790 1805 1822 1839 2,
1829 1795 1951 1841 finem
1959 1795 2067 1841 forte
2083 1794 2251 1830 lectionis

546 1853 694 1885 notans.

451 1914 482 1948 F
484 1913 529 1950 ol.
548 1914 571 1949 5
587 1914 623 1949 b.
643 1914 675 1949 3.
697 1923 726 1949 1.
759 1913 816 1950 ilis
834 1925 882 1950 m.
891 1916 948 1960 p.‚
964 1915 977 1950 l
993 1916 1176 1961 superscr.
1191 1925 1287 1950 corr.
1308 1925 1354 1950 m.
1367 1916 1410 1960 p.

451 1978 528 2013 Fol.
555 1976 589 2013 6.
626 1985 643 2022 5
661 1984 698 2013 et
714 1977 771 2014 nis
789 1989 838 2014 m.
848 1980 903 2024 p.‚
922 1989 984 2013 om
1000 1981 1182 2024 superscr.
1200 1989 1296 2014 corr.
1315 1989 1363 2014 m.
1373 1980 1416 2024 p.
1478 1986 1510 2020 7.
1528 1989 1549 2013 e
1565 1978 1608 2012 in
1631 1977 1820 2014 uenientes
1839 1978 1940 2024 (ante
1962 1976 1990 2022 t)
2011 1978 2200 2024 expunxit
2215 1979 2253 2012 et

535 2033 774 2079 perlineauit
788 2045 882 2070 corr.
900 2045 948 2070 m.
957 2036 1000 2080 p.

450 2097 530 2132 Fol.
546 2096 569 2132 6
586 2097 622 2132 b.
655 2097 736 2142 lege
753 2097 790 2133 in
806 2097 1076 2144 apparitionem
1101 2097 1165 2134 dni
1191 2110 1215 2133 a
1239 2109 1288 2133 m.
1298 2099 1339 2143 p.
1359 2098 1484 2132 uariis
1499 2096 1683 2132 coloribus
1701 2097 1885 2144 scriptum
1907 2101 1971 2132 est.
2035 2106 2089 2140 14.
2114 2103 2153 2132 tu
2170 2096 2250 2133 enis

543 2153 601 2188 ita
621 2152 706 2188 Cod.
801 2154 896 2188 Post
909 2166 942 2189 v.
965 2162 1018 2199 15.
1036 2154 1168 2188 amisit
1186 2153 1310 2189 Codex
1312 2153 1418 2199 folia
1434 2157 1480 2188 ut
1494 2152 1615 2188 udtur
1629 2152 1714 2188 duo.

451 2217 530 2252 Fol.
549 2216 582 2251 7.
601 2217 632 2252 5.
656 2226 685 2252 1.
720 2217 742 2253 ἢ·
763 2220 852 2253 ante
871 2223 1108 2254 accesserunt
1131 2216 1281 2252 addidit
1302 2228 1351 2251 m.
1370 2227 1390 2252 2
1401 2217 1524 2263 finem
1537 2217 1644 2263 forte
1669 2216 1836 2252 lectionis
1853 2220 1988 2252 notans
2012 2217 2120 2251 cuius
2135 2216 2254 2262 prior

534 2274 633 2318 pars
648 2271 757 2308 deest.

450 2337 480 2371 F
483 2336 529 2373 ol.
548 2336 570 2370 7
586 2336 623 2371 b.
640 2345 679 2380 9.
707 2336 732 2371 fi
750 2336 790 2371 di
806 2347 855 2372 m.
866 2338 920 2382 p.‚
938 2335 962 2372 li
980 2339 1162 2383 superscr.
1180 2347 1275 2372 corr.
1293 2347 1341 2372 m.
1352 2338 1395 2382 p.
1459 2346 1510 2371 12.
1537 2339 1810 2383 qfimercestra:
1836 2337 1894 2371 ita
1919 2336 2049 2380 Codex,
2067 2337 2143 2381 pro
2160 2338 2248 2381 qfim

543 2402 685 2427 merces
702 2397 836 2427 uestra.

452 2455 532 2490 Fol.
550 2454 584 2489 8·
620 2455 662 2490 18
680 2455 860 2491 transibia
877 2467 925 2491 m.
937 2458 991 2502 p.‚
1009 2462 1024 2492 t
1039 2457 1223 2502 superscr.
1241 2467 1333 2491 corr.
1353 2467 1399 2491 m.
1410 2457 1454 2501 p.

450 2518 531 2554 Fol.
560 2517 583 2552 8
608 2519 644 2553 b.
679 2528 736 2554 20.
769 2519 1014 2555 nontrabitis:
1053 2520 1110 2555 ita
1144 2520 1276 2574 Codex,
1301 2522 1378 2566 pro
1410 2530 1485 2554 non
1518 2519 1619 2554 intr-.
1677 2529 1809 2564 rgnum
1844 2529 1891 2553 m.
1918 2520 1974 2564 p.‚
2013 2529 2035 2554 e
2067 2519 2250 2563 superscr.

544 2583 639 2608 corr.
664 2584 712 2607 m.
765 2600 773 2608 .

545 2637 601 2671 24.
627 2639 710 2663 mus
731 2575 763 2619 p
762 2630 819 2664 ita
840 2629 924 2664 Cod.
1018 2630 1114 2664 Post
1129 2641 1163 2664 v.
1181 2639 1203 2664 2
1208 2637 1224 2675 5
1243 2631 1448 2675 perierunt
1461 2641 1510 2664 ex
1527 2628 1655 2665 Codice
1659 2629 1764 2676 solia
1781 2632 1826 2664 ut
1840 2628 1960 2664 udtur
1975 2628 2059 2663 duo.

451 2683 531 2721 Fol.
550 2683 606 2718 13.
639 2683 672 2718 6.
692 2691 723 2728 5.
741 2690 822 2719 scut
846 2695 895 2719 m.
904 2686 960 2730 p.‚
987 2684 998 2719 i
1022 2686 1204 2730 superscr.
1231 2696 1326 2721 corr.
1356 2696 1404 2720 m.
1426 2687 1470 2731 p.
1527 2685 1577 2719 In
1605 2685 1725 2730 capite
1743 2685 1914 2730 paginae
1936 2684 2088 2729 scripsit
2110 2682 2252 2719 calami

543 2739 838 2783 experimentum
861 2750 978 2785 agens
1005 2751 1053 2774 m.
1083 2751 1100 2773 2
1133 2746 1170 2775 et
1199 2751 1306 2775 erren
1334 2751 1372 2775 ss
1397 2740 1511 2776 freter
1536 2740 1618 2776 hec.
1669 2749 1703 2785 9.
1727 2746 1854 2776 noster
1877 2739 2095 2786 duplicauit
2116 2738 2248 2784 scriba,

543 2794 722 2836 z‘ncuria5
743 2796 933 2840 expunxit
947 2799 984 2830 et
990 2795 1228 2841 perlineauit
1241 2806 1313 2830 sua
1331 2806 1460 2831 manu.

1314 2872 1382 2898 ‘1'2
