2872 3268
275 208 350 239 XX.
363 204 490 250 4-29.]

86 323 170 355 1'01.
186 323 246 355 52.
272 312 324 352 Et
343 313 450 364 quod
469 313 615 352 iustum

271 375 386 414 fuerit
400 375 504 415 dabo
525 376 635 414 uobis
649 395 658 405 ·

272 438 287 459 ⁵
299 438 351 476 illi
371 445 500 477 autem
520 438 606 476 abie

273 507 364 539 runt
379 521 388 530 ·
430 500 577 539 Iterum

272 563 366 601 exiit
385 563 487 601 circa
507 568 649 601 sexta-

272 631 311 663 et
329 637 478 664 nonam
497 625 635 663 horam
649 644 658 654 ·

272 693 311 726 et
329 687 419 726 fecit
439 687 607 726 similiter
623 708 632 717 ·

272 750 286 771 ⁶
299 749 412 788 Circa
430 749 679 788 undecimam

272 818 404 850 autem
423 811 561 850 horam

271 874 406 913 exiens
426 874 570 913 inuenit

271 929 367 975 alios
387 942 532 975 stantes
551 937 606 975 oti

270 1010 363 1037 osos
380 1019 389 1029 ·

270 1059 378 1108 Quid
396 1060 460 1100 hic
481 1061 590 1100 statis
610 1068 692 1101 tota

272 1123 334 1162 die
353 1124 466 1163 otiosi
482 1145 492 1154 ·
521 1124 536 1147 ⁷
549 1125 682 1164 dicunt

271 1186 307 1224 ei
326 1186 416 1237 quia
436 1199 553 1226 nemo
573 1200 646 1226 nos

271 1249 462 1288 conduxit
478 1271 487 1280 ·
528 1250 620 1288 dicit

270 1310 343 1349 illis
362 1331 372 1341 ·
410 1311 470 1350 Ite
489 1318 527 1350 et
546 1324 619 1351 uos
638 1313 678 1351 in

270 1374 428 1412 uineam
444 1395 454 1404 ·
497 1381 536 1413 et
555 1375 661 1425 quod

271 1435 383 1474 fuerit
401 1436 545 1475 iustum
564 1449 610 1476 ac

271 1498 420 1549 cipietis
437 1519 446 1528 ·
476 1498 490 1520 ⁸
503 1498 607 1538 Cum

273 1597 360 1625 sero
380 1592 510 1625 autem
529 1587 665 1626 factu·

274 1654 377 1687 esset
396 1649 487 1687 dicit
510 1649 584 1688 dfis

274 1710 412 1748 uineae
431 1723 596 1761 procura

275 1772 348 1811 tori
367 1785 438 1812 suo
456 1785 556 1813 uoca
574 1786 650 1825 ope

274 1835 394 1873 rarios
414 1841 451 1874 et
470 1836 590 1875 redde

274 1895 348 1934 illis
367 1897 587 1936 mercedem
601 1919 610 1928 ·

275 1957 474 2009 Incipiens
493 1972 516 1998 a
536 1961 650 1999 nouis

276 2021 383 2059 simis
397 2033 521 2073 usque
541 2022 591 2061 ad

274 2083 424 2135 primos
441 2105 450 2115 ·
481 2085 495 2106 ⁹
507 2097 598 2123 cum
618 2098 666 2125 ue

275 2145 424 2184 nissent
445 2159 540 2198 ergo
559 2149 626 2198 qui

276 2208 378 2247 circa
396 2209 646 2249 undecimam

276 2278 464 2309 uenerant
479 2271 619 2323 'accipe

277 2339 366 2372 runt
386 2334 558 2385 singulos
577 2335 625 2373 de

278 2395 408 2434 narios
423 2417 432 2426 ·
462 2397 491 2420 ¹⁰
503 2398 646 2436 uenien

277 2464 335 2496 tes
354 2464 483 2497 autem
502 2460 614 2510 primi
630 2481 640 2491 ·

278 2520 447 2559 arbitrati
470 2529 558 2561 sunt
573 2543 582 2553 ·

280 2582 387 2632 quod
406 2583 492 2633 plus
511 2591 639 2623 essent

280 2645 476 2695 accepturi
491 2666 500 2675 ·
540 2652 578 2684 et
597 2659 643 2685 ac

281 2714 468 2756 ceperunt
485 2714 522 2747 et
542 2709 616 2759 ipsi

281 2769 451 2820 singulos
469 2770 648 2810 denarios
669 2792 679 2803 ·

432 1005 470 1037 et
489 999 582 1038 dicit
604 998 676 1037 illis
690 1019 699 1029 ·

1121 198 1210 237 MA
1222 189 1436 236 TTHEU
1450 217 1459 226 ·

776 309 803 332 ¹¹
820 310 1066 361 Accipientes
1085 314 1172 349 aute
1220 325 1222 327 ’

778 379 1114 412 murmurauerunt
1130 393 1140 403 ·

778 436 964 474 aduersus
984 442 1092 486 pater

777 498 941 536 familias
983 496 1012 520 ¹²
1024 498 1136 537 dicen

777 567 835 599 tes
852 582 861 590 ·
905 565 999 611 qfim
1019 560 1059 598 hi
1082 572 1136 599 no

776 623 923 662 uissimi
943 635 1022 661 una
1040 622 1092 661 ho

776 698 819 724 ra
839 685 1011 724 fecerunt
1027 706 1036 715 ·
1077 692 1114 723 et

771 747 957 798 aequales
976 748 1061 787 illos
1081 760 1134 786 no

776 810 835 849 bis
855 810 976 849 fecisti
992 831 1001 841 ·
1042 811 1107 861 qui

775 874 1015 923 portauimus
1033 880 1110 924 p0n

777 936 849 974 dus
870 936 945 974 diei
963 943 1001 974 et
1021 943 1171 975 aestu-‘-

775 996 804 1018 ¹³
817 998 869 1036 At
886 998 948 1037 ille
967 998 1180 1049 respondes

776 1061 870 1100 dixit
889 1062 957 1100 uni
976 1074 1109 1100 eorum
1124 1083 1133 1092 ·

775 1124 900 1177 amice
920 1136 1001 1162 non
1022 1124 1122 1163 facio

774 1186 845 1224 tibi
863 1186 1040 1225 iniuriam
1056 1208 1065 1217 ·

776 1261 908 1288 nonne
929 1261 977 1287 ex
998 1249 1156 1289 denario

777 1312 993 1351 conuenisti
1013 1317 1128 1351 meet-1
1144 1334 1153 1344 ·

777 1372 806 1394 ¹⁴
820 1374 934 1413 Tolle
954 1375 1062 1424 quod
1081 1382 1191 1414 tuum

778 1442 836 1474 est
855 1443 893 1475 et
911 1437 1010 1475 uade
1028 1458 1036 1467 ·
1077 1436 1182 1477 Uolo

778 1505 908 1537 autem
927 1499 1016 1538 huic
1032 1512 1085 1538 no

777 1584 937 1625 uissimo
958 1584 1049 1624 dare
1070 1586 1167 1625 sicut

731 1701 735 1703 λ
781 1647 871 1685 tibi·
901 1646 930 1668 ¹⁵
940 1647 1021 1686 Aut
1040 1660 1121 1687 non
1141 1649 1167 1687 li

782 1716 843 1748 cet
861 1709 953 1747 mihi
974 1710 1099 1749 facere

782 1772 889 1822 quod
907 1772 999 1812 uolo
1018 1774 1058 1811 in
1077 1786 1148 1824 pro

782 1835 874 1885 priis
894 1836 991 1874 meis
1008 1857 1017 1866 ·
1061 1837 1126 1874 An
1146 1849 1172 1875 o

784 1897 892 1936 culus
911 1904 1000 1937 tuus
1020 1907 1182 1949 nequa*

782 1966 840 1998 est
859 1961 951 2010 quia
970 1973 1044 2011 ego
1065 1962 1191 2000 bonus

783 2034 870 2061 sum
884 2043 893 2053 ·
923 2023 949 2044 1⁶
963 2023 1026 2063 Sic
1046 2031 1158 2063 erunt

782 2085 896 2135 primi
915 2086 1114 2124 nouissimi
1129 2108 1139 2117 ·

783 2154 821 2185 et
840 2148 1042 2187 nouissimi
1061 2149 1176 2199 primi
1192 2170 1200 2180 ·

783 2208 898 2248 Multi
918 2216 1046 2249 autem
1067 2218 1157 2250 sunt

782 2273 910 2311 uocati
948 2273 1061 2323 pauci
1081 2280 1202 2313 aute-

783 2334 892 2373 electi
905 2355 914 2365 ·
930 2353 1196 2372 uem-..mm

751 2395 770 2418 *
783 2396 812 2419 ¹⁷
823 2397 876 2435 Et
896 2399 1113 2438 ascendens
1132 2399 1192 2439 ihs

749 2458 768 2481 *
781 2459 1038 2512 hierosolyma
1054 2483 1063 2492 ·

751 2521 771 2543 *
783 2523 968 2562 adsumsit
986 2524 1113 2564 duode

751 2584 770 2606 *
784 2586 861 2624 cim
880 2585 1089 2636 discipulos
1109 2599 1150 2626 se

752 2646 771 2668 *
784 2660 918 2686 orsum
941 2649 980 2686 in
999 2649 1130 2687 itinere
1157 2670 1166 2680 ·

783 2715 822 2748 et
841 2710 893 2747 ait
912 2710 984 2748 illis
1000 2731 1009 2741 ·
1052 2710 1156 2750 Ecce

782 2771 812 2794 ¹⁸
824 2773 1068 2812 ascendimus
1087 2774 1194 2815 hiero

1173 1092 1304 1170 Algffiffi
1314 1116 1343 1139 ²⁰
1355 1119 1469 1157 Tunc
1489 1121 1647 1158 accessit
1666 1119 1715 1159 ad
1733 1123 1783 1158 εὖ

1236 1184 1260 1223 †
1313 1187 1435 1219 mater
1454 1181 1619 1220 filiorum

1311 309 1461 360 solyma
1477 329 1486 339 ·
1530 314 1568 347 et
1586 308 1686 346 filius

1312 371 1479 410 hominis
1499 371 1605 409 trade

1311 439 1372 471 tur
1390 433 1629 483 principibus

1312 496 1559 534 sacerdotum
1579 501 1617 533 et

1311 557 1445 596 scribis
1490 564 1528 596 et
1548 569 1625 596 con

1310 619 1551 658 demnabunt
1570 631 1660 658 eum

1310 689 1433 720 morte
1450 703 1459 712 ·
1488 682 1517 704 ¹⁹
1528 689 1565 721 et
1585 689 1642 721 tra

1311 744 1404 783 dent
1422 757 1512 784 eum
1532 745 1640 795 genti

1310 807 1383 845 bus
1403 807 1453 846 ad
1472 807 1638 846 deluden

1311 869 1405 907 dum
1445 876 1484 909 et
1504 870 1684 920 flagellan

1311 931 1404 970 dum
1444 939 1482 971 et
1503 932 1635 971 crucifi

1308 994 1480 1044 gendum
1495 1015 1504 1025 ·
1543 1002 1583 1033 et
1601 1002 1659 1033 ter

1315 1057 1367 1095 tia
1387 1056 1448 1096 die
1467 1063 1639 1107 resurget
1652 1078 1661 1088 ·

1313 1243 1470 1282 zebedei
1490 1256 1579 1282 eum
1600 1245 1651 1282 fili

1311 1306 1344 1344 is
1364 1306 1442 1345 suis
1459 1327 1467 1336 ·
1517 1307 1686 1346 adorans

1310 1375 1348 1406 et
1367 1375 1504 1419 petens
1527 1369 1672 1419 aliquid

1311 1432 1361 1469 ab
1380 1443 1429 1470 eo
1443 1452 1451 1461 ·
1483 1429 1510 1451 ²¹
1530 1432 1615 1482 ipse
1637 1435 1725 1471 aute

1312 1493 1405 1531 dixit
1423 1493 1459 1531 ei
1475 1515 1483 1523 ·
1505 1494 1599 1544 quid
1618 1494 1677 1533 uis
1694 1514 1703 1524 ·

1318 1580 1411 1620 dicit
1430 1582 1464 1620 ei
1478 1603 1487 1612 ·

1318 1650 1385 1682 ant
1403 1643 1443 1681 hi
1463 1643 1540 1683 duo
1560 1642 1624 1681 filii
1643 1645 1721 1683 mei

1317 1717 1418 1743 unus
1436 1706 1487 1745 ad
1507 1706 1640 1745 dextra

1317 1774 1425 1806 tuam
1443 1775 1482 1807 et
1500 1781 1602 1807 unus
1622 1769 1672 1808 ad

1318 1831 1510 1869 sinistram
1529 1837 1635 1870 tuam

1318 1893 1358 1930 in
1377 1905 1499 1943 regno
1518 1899 1586 1933 tuo
1603 1915 1612 1924 ·

1319 1956 1349 1977 ²⁹·
1361 1955 1624 2006 Respondens
1644 1960 1732 1996 aute

1319 2018 1379 2057 ihs
1399 2019 1519 2057 dixit·
1559 2019 1666 2058 nesci

1320 2080 1367 2119 tis
1387 2080 1481 2131 quid
1501 2082 1638 2131 petatis

1318 2142 1487 2181 Potestis
1507 2144 1639 2183 bibere

1321 2205 1480 2243 calicem
1495 2217 1612 2255 quem
1632 2218 1708 2256 ego

1320 2267 1504 2306 bibiturus
1525 2280 1611 2306 sum
1627 2290 1636 2298 ·

1321 2329 1401 2368 Aut
1419 2330 1615 2380 baptizma
1634 2330 1736 2382 quod

1322 2404 1398 2442 ego
1418 2393 1592 2443 baptizor
1611 2394 1688 2444 bap

1321 2454 1448 2492 tizari-
1478 2455 1612 2493 dicunt
1632 2456 1668 2494 ei

1320 2529 1510 2567 posumus
1550 2516 1578 2538 ²³
1591 2524 1628 2556 et
1648 2518 1741 2558 dicit

1319 2580 1374 2618 eis
1425 2580 1583 2619 calicem
1603 2581 1669 2632 qui

1319 2642 1410 2680 dem
1429 2655 1561 2681 meum
1580 2644 1670 2682 bibe

1319 2703 1366 2742 tis
1380 2721 1388 2730 ·
1430 2710 1468 2742 et
1488 2706 1683 2755 baptizma

1319 2766 1427 2816 quod
1446 2778 1521 2816 ego
1540 2767 1716 2818 baptizor

1528 1582 1589 1621 dic
1610 1582 1650 1620 ut
1671 1582 1764 1621 sede

2227 207 2279 252 27

1815 308 2085 358 baptizamini·
2132 311 2181 351 Se

1817 370 1907 409 dere
1927 378 2055 411 autem
2071 373 2119 412 ad

1815 432 1990 471 dextram
2009 446 2138 474 meam

1815 501 1853 533 et
1873 495 1923 533 ad
1943 497 2133 536 sinistram
2151 522 2160 531 ·

1814 569 1896 596 non
1915 564 1973 597 est
1993 559 2067 599 hoc
2086 565 2176 599 mei-1

1815 619 1907 659 dare
1949 622 2017 659 sed
2037 623 2103 672 qui

1813 682 1887 722 bus
1905 690 2081 733 paratum
2101 692 2159 725 est

1815 757 1838 783 a
1856 752 1964 796 patre
1984 758 2074 786 meo
2089 769 2144 776 —

1814 806 1842 828 ²⁴
1853 807 1904 846 Et
1923 809 2122 849 audientes
2141 810 2236 850 dece

1815 871 2026 910 contristati
2046 879 2135 911 sunt

1816 933 1864 971 de
1884 933 2034 972 duobus
2054 934 2111 973 fra

1815 995 1934 1034 tribus
1948 1016 1957 1025 ·
2001 994 2029 1016 ²⁵
2044 996 2110 1035 Ihs
2130 1009 2179 1036 au

1816 1063 1896 1096 tem
1915 1070 2044 1096 uocan
2062 1071 2129 1098 eos

1818 1120 1871 1158 ait
1887 1136 1895 1144 ·
1941 1119 2053 1159 Scitis
2073 1121 2175 1172 quod

1818 1182 2012 1232 principes
2031 1184 2137 1233 genti

1816 1256 1885 1282 um
1904 1244 2151 1284 dominantur

1818 1319 1954 1346 eorum
1967 1328 1976 1338 ·
2020 1314 2059 1346 et
2078 1309 2145 1359 qui

1817 1370 2054 1408 maioresunt
2073 1382 2127 1420 po

1817 1437 1996 1471 testatem
2016 1440 2201 1472 exercent

1818 1494 1859 1532 in
1878 1495 1932 1534 eis
1946 1515 1954 1525 ·
1984 1495 2012 1517 ²⁶
2025 1494 2118 1534 Non
2137 1495 2193 1535 ita

1821 1583 1891 1621 erit
1908 1582 2006 1621 inter
2024 1595 2098 1622 uos
2113 1604 2122 1613 ·

1822 1644 1901 1683 Sed
1919 1645 2178 1695 quicumquae

1820 1707 1983 1745 uoluerit
2001 1708 2100 1746 inter

1819 1781 1892 1807 uos
1911 1770 2035 1807 maior
2054 1770 2135 1808 fieri
2150 1791 2159 1800 ·

1819 1831 1903 1870 Erit
1921 1838 2047 1870 uester
2066 1833 2179 1871 minis

1821 1900 1878 1933 ter
1893 1915 1902 1924 ·
1932 1892 1962 1916 ²⁷
1974 1901 2011 1933 et
2031 1895 2098 1945 qui
2117 1895 2211 1934 uolu

1821 1957 1891 1995 erit
1909 1956 2006 1995 inter
2025 1969 2097 1997 uos

1821 2019 1969 2070 primus
1988 2031 2072 2057 esse
2118 2020 2188 2058 erit

1821 2088 1948 2120 uester
1967 2093 2100 2120 seruus
2116 2102 2125 2112 ·

1821 2141 1850 2164 ²⁸
1864 2143 1970 2182 Sicut
1989 2143 2087 2182 filius
2107 2143 2214 2182 homi

1821 2206 1883 2244 nis
1929 2217 2012 2244 non
2030 2206 2135 2244 uenit
2153 2205 2207 2244 mi

1822 2268 1971 2307 nistrari
1986 2289 1995 2298 ·
2039 2268 2107 2306 sed
2126 2269 2180 2306 mi

1823 2331 1983 2370 nistrare
1996 2351 2004 2361 ·
2047 2337 2085 2369 et
2103 2330 2194 2369 dare

1824 2394 1994 2432 animam
2014 2405 2146 2431 suam·
2176 2405 2217 2432 re

1827 2456 2064 2495 demtionem
2084 2469 2155 2506 pro

1827 2519 1957 2558 multis
1973 2539 1982 2549 ·
1998 2536 2050 2553 -t
2070 2537 2124 2554 ω
2143 2537 2197 2554 „a

2299 326 2379 359 1³01.
2396 304 2465 361 53}

1942 2599 1997 2616 ω
2042 2599 2096 2617 ω
2141 2600 2196 2617 m
2235 2580 2472 2622 domilnecallin

1791 2645 1813 2670 *
1826 2641 1856 2665 ²⁹
1866 2642 1917 2682 Et
1936 2644 2143 2694 egredienti

1792 2703 1814 2728 *
1827 2707 1900 2745 bus
1919 2707 1973 2745 eis
1992 2707 2042 2744 ab
2061 2706 2156 2745 hieri

1791 2768 1814 2793 *
1826 2768 1922 2808 cho·
1967 2774 2099 2808 secute
2118 2777 2208 2810 sunt

1791 2830 1813 2856 *
1825 2844 1916 2870 eum
1935 2833 2044 2871 turbe
2064 2832 2204 2873 multae
2221 2855 2230 2865 ·

2282 2634 2385 2677 oliluo

1317 2891 1350 2924 in
1362 2891 1514 2933 passione
1524 2893 1610 2925 scrffi
1624 2904 1782 2928 maecaue

1314 2951 1409 2973 orum
1433 2941 1534 2974 lectio
1558 2944 1722 2986 euangelii
1745 2955 1781 2978 se

1318 2990 1462 3023 condutn
1479 2995 1637 3025 matteum
2028 3001 2051 3026 F
2074 2999 2092 3024 2
2101 3034 2106 3039 .
