2872 3268
564 271 685 313 xlviii

1220 271 1709 312 INTRODUCTION.

563 386 722 426 Selected
735 388 913 438 readings
930 387 1010 425 and
1019 387 1239 438 renderings
1251 388 1291 426 in
1306 386 1432 426 which
1500 386 1662 426 Selected
1672 387 1851 437 readings
1864 386 1947 426 and
1954 387 2172 438 renderings
2191 388 2232 426 in
2245 387 2370 426 which

725 453 744 492 f
757 466 784 505 q
803 454 915 505 dffr
916 453 1033 504 from
1053 452 1139 491 each
1158 454 1271 492 other.

563 558 678 597 Mark
698 558 733 597 ii.

595 636 610 661 1
619 625 653 661 6.
682 624 950 674 peecatoribus
963 630 1001 662 et
1013 623 1230 674 puplicanis
1243 623 1327 677 (pr.
1341 622 1431 678 loco)

832 703 857 727 a
876 690 896 728 b
916 690 944 727 d
958 703 982 740 q
1001 689 1089 728 Am.

778 755 995 806 publicanis
1014 762 1052 794 et
1070 756 1392 809 peccatoribuss.

683 821 766 859 add.
786 821 970 871 magister
987 828 1115 861 uester
1116 823 1163 874 s
1171 821 1206 860 Α
1213 835 1260 861 m.

776 900 844 925 om.
865 901 889 925 a
909 887 930 926 b
949 888 978 925 d
992 901 1010 925 e
1028 901 1060 937 q.

594 1033 651 1071 17·
683 1034 770 1061 cum
793 1022 962 1062 audisset
980 1036 1005 1061 a
1025 1024 1045 1062 b
1065 1037 1083 1062 e
1101 1037 1134 1074 q.

778 1088 855 1127 hoc
870 1089 1044 1141 auditos
1045 1090 1081 1128 Α
1088 1103 1134 1128 m.
1151 1088 1197 1142 (d
1207 1089 1282 1129 hoc
1297 1090 1430 1143 audit).

683 1166 764 1192 non
784 1161 902 1204 egent
920 1154 1038 1194 fortes
1057 1156 1078 1194 b
1097 1169 1130 1206 q.

777 1233 860 1260 non
879 1227 995 1272 egent
1017 1222 1100 1260 sani
1119 1236 1154 1260 a.

777 1298 860 1326 non
879 1299 979 1338 opus
999 1287 1146 1326 habent
1165 1288 1247 1326 sani
1250 1289 1298 1340 f.

777 1364 860 1391 non
878 1365 1038 1392 necesse
1058 1353 1205 1392 habent
1223 1354 1306 1394 sani
1325 1354 1413 1395 Am.

777 1430 859 1457 non
877 1425 936 1458 est
954 1431 1054 1470 opus
1075 1420 1181 1459 sanis
1199 1434 1227 1458 e.

776 1495 858 1522 non
872 1484 1093 1524 desiderant
1107 1486 1173 1536 qui
1188 1485 1272 1524 sani
1288 1492 1377 1524 sunt
1393 1486 1426 1524 d.

592 1551 650 1587 18.
681 1549 841 1588 ueniunt
862 1579 870 1588 .
891 1579 899 1588 .
919 1550 1054 1590 dicunt
1073 1552 1094 1590 b
1114 1552 1142 1589 d
1157 1553 1176 1589 z·
1190 1565 1213 1602 q
1227 1551 1317 1590 Am.

776 1623 967 1655 uenerunt
987 1646 995 1655 .
1017 1647 1023 1655 .
1045 1617 1222 1656 dixerunt
1241 1631 1265 1656 a
1285 1631 1302 1655 e
1304 1618 1350 1670 f.

589 2102 648 2127 20.
678 2089 741 2128 illa
761 2089 823 2127 die
843 2090 871 2127 d
887 2091 906 2127 ι’
920 2103 942 2139 9
962 2089 1051 2128 Am.

774 2155 844 2193 illis
863 2155 998 2194 diebus
1018 2169 1042 2194 a
1061 2156 1082 2194 b
1102 2169 1119 2194 e
1122 2157 1167 2207 f.

588 2234 647 2259 21.
677 2220 949 2259 adsumentum
969 2222 998 2259 d
1012 2223 1067 2271 iq
1087 2222 1175 2260 Am.

774 2287 1039 2325 insumentum
1059 2301 1094 2326 a.

774 2352 1078 2391 additamentum
1082 2353 1127 2404 f

774 2418 1072 2457 commissuram
1092 2419 1123 2457 b.

772 2483 1022 2523 iniectionem
1040 2498 1066 2522 e.

679 2548 851 2600 alioquin
869 2563 894 2588 a
913 2550 934 2587 b
953 2550 1015 2588 di
1028 2564 1051 2600 q
1071 2549 1159 2588 Am.

774 2628 824 2654 ne
829 2617 874 2666 f.

589 2692 649 2717 22.
678 2679 848 2731 alioquin
871 2681 1074 2732 disrumpit
1102 2682 1239 2720 uinum
1262 2687 1366 2721 utres
1387 2679 1433 2735 (d

829 2744 860 2799 τ’)
879 2761 902 2797 9
922 2747 1010 2785 Am.

776 2811 946 2862 alioquin
967 2813 1159 2864 dirumpet
1177 2819 1282 2852 utres
1301 2813 1332 2851 b.

1663 452 1683 490 f
1697 465 1723 504 q
1734 466 1800 491 are
1813 454 1951 504 agreed
1965 454 2121 505 against
2131 453 2234 493 other
2243 453 2370 493 Euro-

1657 524 1756 568 pean
1774 523 1885 557 texts.

1534 585 1592 621 16.
1621 583 1798 622 uidentes
1802 585 1848 635 f
1854 598 1879 634 q
1898 583 1986 622 Am.

1605 662 1607 665 ’
1719 661 1809 688 cum
1828 650 2014 689 uidissent
2031 662 2067 689 a.

1718 721 1756 752 et
1769 714 1946 753 uiderunt
1965 715 1986 754 b
2005 716 2043 753 d.

1622 780 1834 819 manducat
1851 787 1890 820 et
1908 781 2015 820 bibet
2021 781 2067 832 f
2076 794 2099 831 9
2118 781 2206 820 Am.

1718 845 1928 886 manducat
1947 847 1968 886 b
1988 847 2016 885 d
2030 860 2056 886 e.

1717 911 1796 950 edit
1815 925 1850 951 a.

1531 1675 1589 1711 19.
1618 1661 1718 1712 after
1746 1661 1926 1709 ieiunare,
1953 1663 2033 1702 add
2056 1670 2243 1714 quantum
2273 1670 2370 1703 tem-

1770 1728 1878 1778 poris
1890 1740 2023 1768 secum
2035 1728 2237 1768 habuerint
2250 1742 2369 1781 spon-

1772 1805 1859 1832 sum
1878 1806 1960 1832 non
1975 1801 2140 1845 possunt
2151 1795 2322 1834 ieiunare
2335 1808 2368 1845 q.

1718 1866 1865 1910 quanto
1880 1866 2055 1910 tempore
2076 1873 2210 1899 secum
2225 1860 2369 1899 habent

1774 1924 1937 1976 (habent
1966 1937 2098 1964 secum
2117 1924 2223 1978 Am.)
2249 1938 2367 1977 spon-

1772 2002 1858 2029 sum
1878 2003 1915 2028 n.
1935 2003 1972 2041 p.
1992 1991 2185 2042 ie.fAm.

1714 2070 1780 2095 om.
1800 2056 1917 2095 whole
1934 2058 2055 2095 clause
2073 2071 2097 2095 a
2115 2058 2136 2095 b
2155 2058 2185 2095 d
2198 2071 2215 2095 e
2234 2059 2258 2096 i.

1529 2233 1588 2258 21.
1619 2218 1741 2259 aufert
1761 2231 1795 2269 q,
1816 2218 1961 2257 auferat
1971 2219 2016 2270 f,
2039 2219 2184 2259 auferet
2203 2221 2232 2258 d
2246 2220 2367 2259 iAm.

1714 2284 1813 2323 tollit
1831 2298 1855 2322 a
1874 2284 1894 2322 b
1913 2298 1939 2322 e.

1529 2695 1548 2720 2
1557 2694 1588 2720 2.
1617 2683 1718 2733 aster
1732 2688 1836 2722 utres
1848 2688 1999 2721 ueteres
2013 2681 2093 2720 add
2099 2681 2169 2721 sed
2183 2681 2222 2721 in
2237 2694 2365 2722 nouos

1768 2761 1792 2787 a
1812 2748 1843 2787 b.

1716 2826 1783 2853 om.
1804 2813 1872 2853 sed
1892 2813 1931 2853 in
1951 2825 2079 2854 nouos
2094 2815 2122 2852 d
2136 2812 2201 2866 es
2211 2815 2260 2864 iq
2274 2813 2363 2854 Am.
