2872 3268
574 199 656 230 120

371 312 453 344 1¹01.
469 313 550 346 1¹70.
567 304 648 344 eius
694 310 732 343 et
751 304 913 354 inposue

566 374 657 406 runt
676 367 769 406 illud
789 367 828 405 in
848 378 915 405 mo

565 436 754 469 numento
769 450 777 460 ·
795 450 804 459 -
817 451 873 457 —

564 492 594 515 ³⁰
606 493 658 531 Et
677 492 952 532 conuenientes

563 555 735 606 apostoli
755 554 804 592 ad
823 554 903 591 ihm

562 618 879 656 renuntiauerant

564 680 615 718 illi
635 680 767 718 omnia
787 690 885 728 quae
905 689 977 726 ege

562 748 649 780 rant
667 748 705 779 et
724 741 934 779 docuerant
948 759 956 769 ·
970 759 1000 767 -

562 803 591 826 ³¹
606 804 657 842 Et
676 804 727 842 ait
741 802 811 840 illis
830 802 888 840 ihs
902 822 911 831 ·
940 801 1029 840 ueni

563 872 600 905 te
618 877 691 904 uos
711 872 857 904 secreto
877 865 918 902 in

563 928 692 967 locum
712 927 905 966 desertum
917 949 972 954 —

563 990 614 1029 Et
632 990 858 1040 requiescite
877 1002 931 1040 pu

563 1052 690 1092 sillum
707 1073 716 1082 ·
772 1052 894 1090 Erant

562 1116 668 1154 enim
688 1115 754 1165 qui
773 1115 880 1153 ibant
899 1120 937 1153 et

562 1178 760 1217 rediebant
779 1178 889 1216 multi
910 1198 919 1208 ·

561 1240 613 1279 Et
633 1253 705 1279 nec
725 1240 819 1279 dum
838 1239 984 1278 mandu

560 1303 675 1343 candi
695 1302 862 1353 spatium
882 1302 934 1341 ha

559 1366 706 1404 bebant
718 1386 727 1395 ·
742 1385 752 1395 ·
767 1385 776 1396 ·
806 1363 837 1386 ³²
849 1364 901 1403 Et
920 1377 963 1404 as

559 1428 772 1467 cendentes
790 1427 831 1465 in
850 1431 952 1466 naue

559 1490 734 1529 abierunt
752 1490 793 1528 in
811 1489 922 1529 deser

558 1558 643 1592 tum
655 1553 786 1591 locum
805 1556 938 1592 seorsfi
954 1573 964 1583 ·

558 1640 588 1662 ⁸³
599 1640 651 1679 Et
669 1640 849 1679 uiderunt
868 1652 937 1680 eos
957 1641 1029 1680 abe

558 1710 672 1742 untes
690 1710 729 1742 et
749 1715 929 1753 cognoue

558 1772 648 1805 runt
666 1778 735 1805 eos
754 1765 866 1804 multi
883 1786 891 1796 ·
944 1795 946 1798 -

559 1828 611 1867 Et
629 1828 829 1879 pedestres
849 1827 896 1867 de
916 1840 984 1867 om

559 1891 673 1929 nibus
693 1891 909 1930 ciuitatibus

561 1959 839 1992 concurrerunt
858 1954 884 1992 il

559 2016 623 2055 luc
670 2023 707 2055 et
726 2016 930 2067 praeibant
946 2037 955 2047 ·

558 2078 611 2117 Et
631 2085 897 2118 conuenerunt

559 2141 611 2180 ad
630 2154 720 2179 eum
736 2162 745 2171 ·
782 2141 812 2162 ³⁴
826 2142 878 2179 Et
896 2141 1031 2180 exiens

559 2210 598 2242 et
616 2203 754 2242 uidens
773 2204 935 2242 multam

558 2266 711 2304 turbam
729 2266 788 2304 ihs
844 2278 922 2305 con

560 2328 683 2367 doluit
702 2340 818 2379 super
835 2340 903 2367 eos
917 2350 972 2356 —-

560 2391 653 2441 quia
671 2396 782 2429 erant
802 2391 900 2430 sicut

561 2465 655 2492 oues
674 2453 814 2503 quibus
834 2465 917 2492 non

562 2521 645 2553 erat
662 2521 796 2565 pastor
817 2536 826 2547 ·
882 2515 935 2555 Et

563 2578 690 2628 coepit
709 2578 850 2617 docere
869 2578 954 2618 illos

562 2639 682 2677 multa
698 2660 707 2670 ·
751 2640 780 2662 ⁸⁵
794 2640 846 2679 Et
866 2653 957 2680 curn

563 2701 640 2739 iam
659 2701 794 2740 horam
813 2704 934 2742 multa

563 2762 669 2800 fieret
682 2783 691 2792 ·
748 2776 903 2803 accesse

563 2830 652 2861 runt
670 2824 720 2862 ad
738 2837 827 2863 eum
847 2827 942 2866 disci

564 2885 643 2935 puli
661 2886 742 2925 eius
760 2893 798 2926 et
817 2887 948 2927 dicunt
966 2891 1002 2928 ei

1482 183 1642 224 SECD
1663 207 1673 217 ·

1072 302 1162 353 quia
1181 301 1354 340 desertus
1373 306 1431 339 est

1070 364 1179 403 locus
1196 384 1205 394 ·
1262 369 1300 401 et
1318 363 1416 401 hora
1434 362 1511 401 iam

1069 426 1236 476 preteriit
1250 446 1258 455 ·
1311 425 1429 463 etiam

1069 488 1213 526 multae
1232 489 1364 526 turbae
1384 492 1473 526 sunt

1067 550 1097 572 ⁸⁶
1109 550 1269 589 Dimitte
1289 550 1372 588 illos
1391 556 1433 588 ut
1451 562 1473 588 e

1067 619 1180 651 untes
1200 613 1239 650 in
1259 612 1452 663 proximos

1066 676 1176 714 uillas
1195 682 1232 714 et
1252 675 1408 714 castella

1066 744 1199 777 emant
1214 738 1284 777 sibi
1303 749 1403 788 quos

1065 800 1302 839 manducent
1320 800 1415 851 quia

1066 875 1147 902 non
1167 863 1310 902 habent
1326 883 1335 893 ·
1392 862 1420 884 ³⁷
1433 862 1523 914 Ipse

1065 931 1193 965 autem
1213 937 1357 976 respon

1066 988 1164 1027 dens
1184 989 1235 1027 ait
1254 988 1325 1027 illis
1345 988 1396 1026 da

1066 1057 1102 1089 te
1122 1051 1194 1089 illis
1213 1063 1286 1089 uos
1305 1062 1399 1088 man

1066 1113 1207 1152 ducare
1221 1135 1230 1144 ·
1287 1113 1339 1152 Et
1358 1112 1493 1152 dicunt

1065 1177 1099 1215 ei
1119 1176 1260 1214 ibimus
1279 1183 1317 1214 et
1335 1187 1423 1214 eme

1064 1250 1152 1278 mus
1171 1238 1339 1277 denariis
1360 1238 1411 1278 do

1065 1301 1186 1340 centis
1207 1313 1329 1352 panes
1382 1307 1420 1340 et

1065 1363 1243 1402 dabimus
1262 1363 1335 1403 illis
1353 1369 1396 1402 ut

1065 1426 1304 1465 manducent
1319 1447 1329 1457 ·

1063 1488 1092 1511 ³⁸
1103 1489 1156 1527 Et
1174 1489 1266 1528 dicit
1283 1490 1338 1528 eis
1362 1489 1420 1528 ihs
1435 1489 1533 1541 quod

1064 1563 1188 1603 panes
1208 1552 1355 1591 habetis
1369 1572 1378 1582 ·

1063 1639 1113 1678 ite
1132 1646 1171 1678 et
1189 1639 1315 1679 uidete
1329 1660 1338 1670 ·
1394 1639 1446 1678 Et
1466 1644 1514 1679 οῦ

1064 1703 1343 1753 cognouissent
1356 1723 1365 1733 ·
1414 1703 1455 1741 di

1065 1772 1159 1804 cunt
1178 1766 1214 1804 ei
1260 1765 1432 1816 quinque

1064 1840 1187 1878 panes
1205 1834 1244 1867 et
1263 1827 1362 1866 duos
1383 1828 1443 1878 pis

1064 1902 1128 1930 ces
1145 1911 1154 1921 ·
1198 1890 1227 1912 ³⁹
1239 1890 1290 1929 Et
1308 1891 1475 1942 precepit
1495 1891 1520 1929 il

1063 1953 1109 1992 lis
1127 1959 1170 1991 ut
1189 1953 1387 1992 discumbe

1063 2022 1148 2054 rent
1167 2028 1305 2054 omnes
1325 2028 1433 2055 areas

1063 2085 1102 2117 et
1121 2078 1230 2117 a’reas
1250 2090 1364 2130 supra
1382 2079 1453 2117 uiri

1066 2141 1114 2181 de
1133 2141 1265 2179 fenum
1281 2162 1289 2171 ·
1347 2140 1376 2162 ‘²⁰
1386 2141 1439 2179 Et
1458 2141 1515 2179 dis

1065 2205 1278 2243 cubuerunt
1298 2215 1406 2242 areas

1063 2272 1102 2304 et
1121 2278 1229 2304 areas
1247 2279 1315 2316 per
1334 2278 1407 2305 cen

1064 2335 1178 2367 tenos
1197 2335 1235 2366 et
1254 2341 1323 2378 per
1342 2329 1406 2367 cin

1064 2402 1268 2442 quagenos
1283 2410 1292 2420 ·
1348 2391 1377 2412 4¹
1388 2390 1441 2429 Et
1461 2403 1506 2430 ac

1066 2454 1188 2504 ceptis
1207 2453 1378 2503 quinque

1064 2516 1231 2567 panibus
1249 2521 1287 2553 et
1306 2515 1384 2553 duo

1064 2579 1139 2617 bus
1158 2578 1369 2628 piscipibus

1064 2641 1217 2679 intuens
1236 2640 1276 2678 in
1299 2639 1426 2678 celum

1065 2702 1256 2742 benedixit
1274 2709 1312 2742 et
1330 2702 1442 2753 fregit

1065 2772 1102 2805 et
1121 2766 1225 2804 dedit
1245 2765 1395 2815 discipu

1063 2829 1109 2868 lis
1130 2829 1208 2867 suis
1226 2835 1268 2866 ut
1288 2828 1442 2878 adpone

1062 2898 1148 2931 rent
1166 2897 1255 2930 ante
1274 2902 1343 2930 eos

1609 305 1648 338 et
1667 299 1766 338 duos
1786 299 1914 350 pisces
1937 299 1975 338 di

1607 362 1697 400 uisit
1715 362 1897 401 omnibus
1910 383 1920 393 ·

1608 424 1638 446 ⁴²
1649 424 1700 462 Et
1720 425 2054 464 manducauerunt

1608 498 1748 526 omnes
1767 493 1806 526 et
1825 494 1953 526 satura

1606 548 1634 586 ti
1655 555 1744 587 sunt
1757 569 1766 579 ·
1809 549 1838 570 ⁴³
1851 550 1904 588 Et
1923 549 2001 589 tule

1606 617 1696 649 runt
1715 611 1934 662 fragmento

1606 685 1693 711 rum
1714 674 1920 714 duodecim

1606 735 1758 775 cofinos
1777 742 1815 775 et
1834 737 1883 776 de
1902 737 1964 788 pis

1606 798 1717 838 cibus
1733 820 1743 830 ·
1786 800 1815 821 ⁴¹
1825 800 1948 839 Erant
1969 812 2019 840 au

1604 867 1684 900 tem
1704 862 1770 913 qui
1789 863 1984 902 manduca

1605 931 1743 963 uerunt
1762 925 1900 977 quinq*

1607 987 1712 1026 milia
1730 988 1901 1027 uirorum
1917 1010 1926 1020 ·

1612 1049 1642 1071 ⁴⁵
1651 1049 1704 1088 Et
1723 1051 1853 1089 statim
1873 1063 1988 1091 exsur

1604 1124 1702 1163 gens
1758 1114 1886 1164 coegit
1905 1114 1964 1152 dis

1603 1175 1756 1226 cipulos
1776 1188 1869 1215 suos
1893 1189 1936 1215 as

1604 1238 1768 1277 cendere
1788 1251 1929 1278 nauem
1943 1260 1952 1269 ·

1603 1306 1646 1339 ut
1664 1301 1915 1351 precederent

1603 1375 1694 1402 eum
1713 1376 1736 1402 a
1755 1363 1956 1403 bethsaida

1604 1425 1698 1464 dum
1717 1426 1800 1476 ipse
1820 1426 1928 1465 dimit
1997 1429 2003 1466 J

1603 1494 1698 1527 teret
1717 1489 1909 1540 populum

1603 1552 1631 1573 4⁶
1642 1551 1694 1590 Et
1713 1564 1801 1590 cum
1820 1552 2027 1592 dimisisset

1603 1651 1672 1678 eos
1689 1660 1698 1670 ·
1746 1639 1852 1679 Abiit
1870 1641 1911 1679 in
1929 1653 2026 1680 mon

1602 1709 1682 1741 tem
1703 1714 1813 1742 orare
1830 1724 1839 1733 ·
1882 1703 1912 1725 ⁴⁷
1923 1704 1976 1743 Et

1603 1777 1694 1804 cum
1714 1777 1800 1804 sero
1819 1773 1921 1805 esset

1602 1835 1684 1866 erat
1702 1829 1812 1867 nauis
1832 1829 1872 1867 in
1891 1842 1956 1868 me

1605 1890 1671 1929 dio
1690 1891 1810 1929 mari·
1849 1898 1887 1931 et
1905 1892 1990 1943 ipse

1604 1953 1708 1992 solus
1727 1954 1767 1992 in
1787 1960 1885 1993 terra
1901 1975 1909 1985 ·
1922 1976 1951 1984 -

1603 2015 1632 2037 ⁴⁸
1646 2016 1698 2054 Et
1717 2017 1854 2055 uidens
1873 2030 1940 2057 eos
1959 2031 2000 2057 re

1603 2079 1793 2129 migantes
1812 2086 1849 2118 et
1868 2081 1905 2119 la

1603 2142 1785 2181 borantes
1840 2143 1936 2182 Erat

1603 2205 1709 2242 enim
1727 2211 1867 2243 uentus
1887 2218 1964 2245 con

1603 2267 1737 2305 trarius
1756 2267 1829 2306 illis
1845 2288 1854 2297 ·

1602 2328 1654 2366 Et
1673 2329 1774 2367 circa
1793 2335 1969 2379 quartam

1603 2391 1776 2440 uigiliam
1796 2392 1898 2430 notis

1603 2454 1709 2492 uenit
1728 2454 1778 2492 ad
1798 2454 1883 2493 illos
1902 2466 1967 2494 am

1603 2515 1740 2554 bulans
1761 2529 1880 2567 supra

1603 2590 1732 2617 mare·
1781 2579 1832 2617 Et
1850 2579 2007 2619 uolebat

1602 2641 1761 2680 transire
1781 2642 1867 2681 illos
1883 2663 1892 2673 ·

1603 2704 1632 2725 ⁴⁹
1643 2704 1696 2742 At
1715 2704 1765 2742 illi
1784 2711 1826 2743 ut
1844 2705 2026 2744 uiderunt

1602 2766 1711 2804 illum
1729 2767 1952 2806 ambulante

1603 2840 1719 2879 super
1738 2841 1846 2868 mare
1861 2850 1870 2860 ·
1890 2852 1946 2857 —

1603 2898 1839 2944 putauerunt
1856 2891 1921 2932 fan

2362 192 2438 234 [VI.
2454 195 2581 238 29—56.

2110 306 2235 339 tasma
2254 313 2339 340 esse
2355 323 2364 332 ·
2408 302 2438 323 ⁶⁰
2449 302 2501 341 Et
2518 315 2568 342 ex
2597 316 2678 348 ποι.
2693 317 2770 350 171.

2110 363 2378 402 clamauerunt
2397 375 2465 403 om

2110 437 2180 464 nes
2236 432 2274 464 et
2293 429 2483 466 conturba

2110 488 2138 526 ti
2159 495 2249 527 sunt
2265 509 2274 519 ·
2292 509 2302 519 ·
2332 497 2370 528 et
2390 490 2525 529 confes

2109 550 2179 588 tim
2198 551 2352 590 locutus
2371 558 2429 590 est
2448 553 2499 591 ad

2051 639 2056 642 -
2109 625 2177 652 eos
2198 619 2235 651 et
2254 614 2306 652 ait
2325 614 2396 653 illis
2416 614 2506 654 Con

2109 675 2223 714 fidete
2241 696 2250 706 ·
2298 689 2374 727 ego
2394 689 2483 716 sum

2110 738 2228 776 nolite
2247 738 2380 777 timere
2395 761 2404 770 -
2418 761 2426 770 -

2110 799 2190 838 51Εῑ
2202 801 2416 841 ascendens
2431 802 2471 841 in
2483 807 2580 843 naut}

2111 863 2160 901 ad
2179 863 2264 902 illos
2320 871 2358 903 et
2378 867 2542 905 cessauit

2110 932 2251 964 uentus
2306 934 2343 966 et
2362 928 2450 978 plus
2469 940 2534 968 ma

2110 988 2170 1038 gis
2190 988 2288 1027 intra
2308 1001 2350 1028 se
2371 997 2482 1041 stupe

2109 1051 2204 1089 bant
2222 1057 2260 1089 et
2278 1052 2456 1091 miraban

2108 1119 2170 1151 tur
2185 1134 2194 1143 ·
2243 1111 2272 1135 ⁶²
2283 1126 2366 1153 non
2384 1116 2489 1154 enirn
2508 1116 2548 1155 in

2108 1175 2330 1215 tellexerant
2349 1177 2397 1216 de
2416 1190 2467 1228 pa

2108 1238 2223 1276 nibus
2237 1259 2246 1268 ·
2303 1245 2385 1278 erat
2402 1241 2507 1280 enim

2108 1311 2176 1338 cor
2195 1312 2332 1339 eorum
2352 1303 2448 1340 obtu

2108 1373 2196 1399 sum
2210 1383 2219 1392 ·
2276 1363 2305 1384 ⁵⁸
2316 1364 2369 1402 Et
2388 1370 2493 1404 trans

2107 1423 2288 1464 fretantes
2308 1426 2398 1466 inde
2411 1448 2421 1458 ·

2107 1495 2298 1526 uenerunt
2315 1489 2356 1527 in
2375 1495 2451 1544 ter,

2106 1562 2191 1588 ram
2210 1553 2436 1601 genesareth

2106 1637 2136 1660 ⁶⁴
2149 1640 2329 1690 Cumque
2347 1653 2524 1691 egressus

2106 1708 2208 1740 esset
2228 1702 2275 1741 de
2295 1704 2387 1742 naui
2445 1717 2523 1756 cog

2107 1771 2301 1803 nouerunt
2320 1778 2411 1804 eum
2424 1787 2433 1797 ·

2107 1826 2137 1848 ⁶⁶
2148 1826 2200 1864 Et
2220 1827 2510 1868 circumcurren

2105 1895 2163 1928 tes
2182 1891 2403 1929 uniuersam

2107 1952 2305 1991 confinem
2324 1954 2434 2004 regio

2107 2015 2168 2053 nis
2187 2015 2285 2053 illius
2299 2037 2308 2046 ·
2366 2029 2489 2069 coepe

2107 2075 2197 2116 runt
2215 2078 2255 2116 in
2275 2080 2439 2119 crabatis

2108 2140 2254 2178 adferre
2275 2153 2412 2180 omnes

2106 2202 2207 2240 male
2228 2202 2434 2244 habentes·

2107 2263 2438 2306 Circumferebant

2107 2334 2238 2365 autem
2256 2341 2325 2368 eos
2345 2330 2460 2370 ubicfi

2106 2402 2182 2440 que
2202 2391 2411 2430 audiebant
2430 2405 2516 2432 esse

2105 2453 2209 2491 ihm·
2265 2453 2293 2475 ⁶⁶
2305 2461 2342 2493 et
2356 2467 2571 2508 quocumqs

2104 2515 2175 2554 iret
2194 2516 2234 2554 in
2255 2518 2419 2557 castellis

2105 2579 2169 2617 uel
2187 2579 2287 2619 uillis
2343 2581 2406 2619 uel
2425 2582 2502 2621 ciui

2104 2642 2248 2681 tatibus
2263 2663 2272 2672 ·
2328 2644 2369 2682 in
2388 2644 2524 2694 plateis

2104 2706 2306 2755 ponebant
2323 2707 2462 2746 uniuer

2105 2778 2171 2805 sos
2189 2767 2364 2807 infirmos
2377 2789 2386 2799 ·
2442 2769 2495 2808 Et

2105 2828 2411 2880 deprecabantur
2428 2836 2478 2870 esi

2104 2898 2147 2930 ut
2165 2892 2226 2930 uel
2246 2893 2449 2933 fimbream
