2872 3268
561 219 640 264 132
1478 205 1592 245 SEC
1611 226 1643 236 ··
1829 217 1832 221 ·
2201 211 2314 254 [xm.
2331 213 2496 255 35-X1v.
2515 221 2568 255 25.

346 325 525 359 Pol-1⁹4·
558 325 632 365 dfis
651 325 787 366 domui
806 326 938 365 ueniat
1055 324 1177 363 ueniri
1195 335 1355 374 unguen
1593 323 1644 363 Et
1664 323 1906 375 quaerebant
1925 335 2006 375 quo
2100 322 2130 346 ²⁸
2142 323 2192 363 Et
2212 323 2543 363 discumbentibus
2586 324 2670 360 Fol-
2684 325 2767 357 195.
2862 310 2872 380 ᾖ

558 401 644 429 sero
687 401 739 428 an
757 389 919 428 meridie
1057 395 1140 427 tum
1160 386 1262 426 istud
1309 386 1396 437 plus
1596 387 1718 426 modo
1738 394 1931 438 opurtune
2101 387 2174 426 illis
2217 393 2256 425 et
2275 386 2499 425 manducan
2863 381 2872 437 i

558 459 676 491 nocte
691 473 700 482 ·
741 464 792 491 an
812 452 901 502 galli
1059 462 1176 502 quarn
1196 449 1362 488 denariis
1589 449 1809 490 &iiiii-{dizit}
1820 461 1910 489 eum
1928 456 1987 488 tra
2102 450 2205 488 tibus
2247 449 2344 488 dixit
2362 449 2421 488 ihs
2435 470 2444 479 ·

558 514 682 553 canti·
727 527 778 553 an
797 526 911 552 mane
928 534 937 543 ·
1059 512 1240 552 trecentis
1278 518 1317 551 et
1336 511 1414 550 dari
1599 513 1725 552 deret·
1755 511 1786 534 ¹²
1798 512 1849 552 Et
1868 512 1995 563 prima
2103 513 2234 552 Amen
2249 512 2337 551 dico
2351 512 2465 551 uobis
2481 512 2572 563 quia

558 577 588 599 ³⁶
599 589 649 615 ne
669 589 759 615 cum
778 576 926 615 uenerit
1059 575 1295 627 pauperibus
1314 581 1352 614 et
1371 574 1425 614 fre
1600 576 1661 614 die
1677 587 1905 626 azymorum
2102 588 2204 614 unus
2224 588 2272 614 ex
2291 575 2406 614 uobis
2425 587 2490 613 me

558 646 717 690 repente
737 639 867 678 inueni
1060 628 1221 676 meba-nt
1239 638 1280 676 in
1299 649 1388 676 eam
1404 658 1412 667 ·
1428 658 1436 667 -
1455 658 1463 667 ·
1601 639 1760 689 quando
1779 638 1919 689 passcha
1938 638 1991 675 im
2103 638 2229 677 tradet
2268 638 2333 689 qui
2352 637 2499 676 mandu

560 709 600 741 at
618 714 691 740 uos
711 701 889 740 dormien
1061 701 1075 722 ⁶
1087 700 1154 739 Ihs
1174 706 1304 739 autem
1324 700 1419 739 dixit
1438 699 1464 737 il
1601 702 1818 741 molabatur
1861 701 1900 740 di
2105 708 2168 741 cat
2187 713 2344 740 mecum
2357 723 2365 731 ·
2382 722 2390 731 ·
2408 701 2436 722 ¹⁹
2449 701 2502 740 At
2520 700 2573 740 illi

559 770 618 804 tes
635 786 643 794 ·
673 764 703 785 ³⁷
715 776 814 814 quae
833 765 922 801 aute
1061 763 1108 802 lis
1125 784 1134 794 ·
1175 763 1286 802 sinite
1309 774 1397 802 eam
1417 760 1510 813 quid
1603 771 1695 805 cunt
1713 764 1748 802 ei
1768 763 1944 814 discipuli
2106 771 2315 815 coeperunt
2334 763 2478 803 contris

558 827 672 865 uobis
691 826 781 865 dico
801 825 910 864 omni
1063 826 1115 865 illi
1134 825 1285 864 molesti
1306 825 1396 864 estis
1413 846 1421 855 ·
1604 828 1685 866 eius
1702 849 1710 858 ·
1752 839 1831 877 quo
1850 827 1909 865 uis
1929 838 1976 866 ea
2106 827 2176 865 tari
2216 833 2254 866 et
2273 826 2399 865 dicere
2417 827 2454 864 ei

561 890 634 927 bus
653 888 742 926 dico
759 887 916 937 uigilate
934 907 942 917 ·
960 903 1014 921 ω
1065 888 1223 927 Bonum
1244 900 1346 938 opus
1366 899 1489 938 opera
1605 902 1691 929 mus
1709 896 1747 928 et
1765 901 1930 940 prepare
2107 889 2249 940 singuli
2288 888 2480 939 numquid

520 950 542 975 *
562 955 625 990 14.
645 951 658 972 ¹
671 951 858 990 Futurum
877 955 1006 988 autem
1065 958 1105 990 ta
1123 957 1182 990 est
1202 952 1242 989 in
1262 963 1326 989 me
1343 972 1352 981 ·
1384 950 1399 972 ⁷
1415 949 1508 988 Sem
1605 965 1693 991 mus
1713 953 1781 991 tibi
1822 958 1864 990 ut
1883 963 1978 990 man
2108 965 2183 1003 ego
2200 974 2208 983 ·
2250 958 2288 991 et
2307 952 2403 991 alius
2422 963 2518 990 num

520 1014 542 1039 *
564 1020 646 1053 erat
664 1020 753 1064 post
771 1013 866 1051 bidu
1067 1026 1136 1065 per
1155 1014 1260 1052 enim
1279 1012 1468 1052 habebitis
1607 1016 1726 1054 duces
1745 1015 1892 1066 pascha
1908 1035 1916 1045 ·
2109 1016 2202 1066 quid
2222 1027 2296 1065 ego
2313 1035 2321 1045 ·
2350 1012 2380 1035 ²⁰
2392 1014 2533 1065 quibus

522 1077 545 1103 *
564 1089 630 1115 um
651 1088 767 1127 pasca
781 1097 789 1106 ·
832 1075 883 1113 Et
1067 1088 1260 1128 pauperes
1278 1075 1444 1114 uobiscii
1461 1095 1470 1104 ·
1606 1079 1634 1101 ¹⁸
1646 1078 1697 1117 Et
1715 1077 1819 1117 misit
1834 1078 1933 1116 duos
1948 1089 1996 1115 ex
2012 1075 2074 1115 dis
2109 1079 2192 1129 ipse
2212 1078 2263 1116 ait
2276 1098 2284 1108 ·
2325 1089 2426 1115 unus
2445 1089 2495 1115 ex

523 1141 545 1166 *
565 1151 700 1190 azyma
718 1161 726 1170 ·
769 1145 808 1178 et
827 1151 926 1190 quae
1067 1139 1119 1178 Et
1138 1151 1229 1178 cum
1247 1138 1444 1177 uolueritis
1608 1141 1744 1192 cipulis
1764 1141 1842 1179 suis
1862 1139 1900 1178 di
2111 1140 2320 1179 duodecim
2362 1140 2428 1190 qui
2446 1140 2488 1178 in

564 1203 701 1242 rebant
719 1202 844 1253 princi
1068 1202 1230 1254 potestis
1249 1202 1322 1240 illis
1341 1201 1445 1239 bene
1608 1216 1700 1243 cens
1714 1225 1722 1234 ·
1767 1203 1817 1241 ite
1837 1203 1876 1240 in
1896 1201 2011 1241 ciuita
2109 1204 2249 1252 tinguit
2268 1215 2425 1241 mecum
2444 1214 2511 1241 ma

564 1277 635 1316 pes
650 1264 857 1303 sacerdotii
1068 1265 1219 1304 facere·
1251 1276 1315 1303 me
1334 1266 1423 1302 aute
1609 1274 1688 1306 tem
1731 1272 1769 1304 et
1787 1270 1966 1304 occurret
2111 1278 2206 1303 num
2225 1265 2265 1302 in
2284 1265 2478 1304 acitabulo
2495 1286 2503 1295 .

565 1335 603 1367 et
622 1328 770 1366 scribae
817 1339 897 1378 quo
1069 1340 1152 1366 non
1172 1339 1325 1377 semper
1344 1325 1444 1364 habe
1608 1329 1722 1368 uobis
1741 1328 1861 1366 homo
1904 1339 1969 1366 am
2110 1326 2138 1348 ²¹
2151 1327 2202 1366 Et
2221 1328 2319 1366 filius
2339 1327 2496 1378 quidem
2510 1326 2563 1366 ho

564 1390 684 1430 modo
703 1390 796 1429 dolo
813 1396 903 1428 tene
1068 1391 1157 1429 bitis
1171 1412 1179 1421 ·
1209 1390 1223 1411 ⁸
1235 1389 1342 1440 quod
1359 1387 1494 1427 habuit
1608 1391 1732 1431 foram
1751 1401 1852 1441 aque
1871 1401 1944 1440 por
2110 1391 2226 1442 minis
2245 1390 2351 1429 uadit
2370 1390 2469 1429 sicut

564 1460 651 1493 rent
693 1459 732 1493 et
751 1452 886 1492 occide
1069 1454 1167 1492 haec
1189 1453 1300 1491 fecit·
1342 1463 1484 1502 praeue
1608 1460 1717 1493 tans·
1760 1451 1967 1503 sequimini
2112 1454 2298 1503 scriptum
2318 1459 2377 1492 est
2396 1453 2472 1492 deo
2489 1475 2498 1484 ·

564 1523 652 1556 rent
670 1528 761 1555 eum
776 1537 784 1547 ·
798 1538 853 1543 -
1071 1516 1127 1555 nit
1145 1521 1360 1566 ungentum
1610 1529 1725 1555 eum·
1756 1515 1785 1537 ¹⁴
1797 1521 1835 1554 et
1855 1526 2027 1566 quocum
2111 1515 2198 1555 Uae
2213 1523 2344 1555 autem
2363 1516 2514 1555 homini
2528 1515 2580 1554 illi

570 1604 792 1644 ²Dicebant
810 1603 915 1643 enim
957 1595 1008 1641 ne
1069 1615 1240 1655 unguere
1260 1614 1403 1652 corpus
1611 1617 1687 1656 que
1707 1603 1892 1642 introierit
1911 1603 1950 1642 di
2111 1617 2182 1655 per
2201 1616 2318 1655 quem
2338 1604 2438 1643 filius
2457 1604 2510 1643 ho

565 1669 608 1707 in
631 1668 694 1706 die
713 1667 812 1705 festo
831 1673 873 1705 tu
1070 1678 1204 1705 meum
1224 1666 1265 1704 in
1285 1665 1438 1715 sepultu
1612 1668 1683 1707 cite
1703 1667 1802 1718 patri
1821 1666 1984 1705 familias
2001 1687 2009 1696 ·
2112 1667 2228 1706 minis
2247 1667 2418 1706 tradetur

566 1730 711 1769 multus
730 1735 901 1768 oreretur
1070 1741 1154 1767 ram
1168 1750 1176 1758 ·
1195 1750 1204 1758 ·
1222 1750 1230 1759 ·
1261 1728 1275 1749 ⁹
1290 1728 1420 1766 Amen
1439 1725 1528 1765 dico
1611 1730 1813 1778 Quoniam
1833 1729 2019 1779 magister
2112 1729 2272 1768 Bonum
2291 1730 2326 1768 ei
2368 1730 2401 1769 si
2420 1741 2502 1768 non
2523 1728 2564 1767 fu

566 1793 725 1845 populi·
744 1814 753 1822 ·
772 1813 779 1822 -
810 1791 824 1813 ³
837 1791 888 1829 Et
907 1786 998 1830 cum
1070 1791 1183 1831 uobis
1221 1790 1460 1840 ubicumque
1612 1793 1704 1832 dicit
1745 1792 1813 1830 ubi
1833 1798 1891 1830 est
1911 1791 2020 1830 diuer
2113 1793 2205 1831 isset
2225 1799 2338 1832 natus
2357 1792 2479 1831 homo

567 1862 671 1894 esset
689 1855 748 1893 ihs
767 1853 910 1893 baetha
1071 1853 1315 1905 predicatum
1334 1852 1398 1891 fue
1612 1855 1757 1894 sotium
1769 1866 1902 1893 meum
2113 1855 2176 1894 ille
2190 1877 2198 1886 ·
2229 1853 2258 1875 ²²
2269 1855 2320 1893 Et
2338 1854 2564 1894 manducan

567 1919 657 1958 niae
699 1918 739 1956 in
761 1917 883 1955 domo
904 1916 1004 1955 simo
1071 1917 1119 1955 rit
1138 1915 1386 1966 euangelium
1611 1918 1678 1956 ubi
1698 1929 1788 1956 cum
1808 1916 2007 1967 discipulis
2114 1918 2217 1957 tibus
2235 1918 2308 1956 illis
2349 1918 2501 1967 accepit

568 1982 628 2020 nis
651 1980 794 2031 leprosi
813 1983 905 2018 recu
1071 1979 1149 2018 hoc
1169 1979 1210 2016 in
1229 1978 1415 2016 uniuersu
1613 1980 1709 2018 meis
1729 1979 1965 2018 manducem
2114 1981 2174 2019 ihs
2193 1992 2337 2031 panem
2375 1988 2414 2019 et
2432 1981 2535 2019 bene

568 2046 686 2083 bente
704 2043 769 2081 illo
812 2042 919 2080 uenit
1074 2041 1289 2080 mundum·
1333 2046 1371 2078 et
1390 2038 1493 2090 quod
1614 2043 1761 2094 pascha
1777 2064 1785 2072 ·
1819 2041 1850 2063 ¹⁶
1862 2041 1912 2080 Et
1927 2042 2009 2092 ipse
2028 2053 2081 2080 uo
2115 2043 2248 2082 dicens
2287 2042 2401 2093 fregit
2419 2050 2459 2081 et

569 2106 707 2144 mulier
725 2105 874 2144 habens
1073 2104 1162 2142 fecit
1179 2103 1277 2142 haec
1325 2115 1440 2141 narra
1614 2105 1673 2143 bis
1693 2104 1973 2143 demonstrabit
2116 2105 2221 2143 dedit
2240 2105 2294 2143 eis
2312 2110 2350 2143 et
2369 2105 2464 2143 dixit

569 2169 807 2208 alabastrum
825 2179 880 2205 un
1072 2166 1170 2204 bitur
1189 2166 1230 2203 in
1250 2165 1418 2204 memori
1615 2168 1746 2206 locum
1765 2174 1927 2206 stratum
2116 2168 2293 2218 Accipite
2309 2189 2317 2198 ·
2359 2167 2435 2206 hoc
2455 2175 2514 2206 est

570 2234 704 2285 guenti
723 2233 835 2271 nardi
855 2232 914 2283 spi
1071 2243 1137 2270 am
1149 2231 1230 2270 eius
1330 2231 1359 2252 ¹⁰
1370 2230 1422 2268 Et
1436 2228 1546 2269 iudas
1616 2230 1763 2281 grande
1783 2237 1962 2281 paratum
2117 2242 2259 2280 corpus
2279 2242 2413 2268 meum
2430 2251 2439 2260 ·

570 2300 646 2340 eati
665 2299 822 2351 pretiosi
860 2298 913 2336 Et
1028 2320 1034 2326 -
1073 2296 1286 2335 scariothes
1305 2307 1409 2334 unus
1615 2292 1690 2331 illic
1710 2298 1840 2342 parate
1860 2292 1974 2330 nobis
2115 2291 2144 2314 ²³
2156 2292 2206 2331 Et
2218 2299 2381 2344 accepto
2402 2293 2522 2332 calice
2534 2293 2582 2332 be

570 2362 694 2401 fracto
713 2373 762 2400 eo
781 2360 902 2399 efudit
1073 2371 1122 2397 ex
1143 2358 1351 2397 duodecim
1371 2357 1434 2396 abi
1614 2353 1643 2376 ¹⁶
1655 2354 1708 2392 Et
1722 2354 1899 2392 abierunt
1919 2354 2071 2404 discipu
2117 2355 2266 2394 nedixit
2306 2362 2344 2394 et
2364 2355 2470 2394 dedit

573 2437 690 2475 super
709 2430 827 2474 caput
847 2423 929 2462 eius
947 2444 955 2453 ·
1073 2422 1102 2460 it
1121 2421 1170 2460 ad
1190 2420 1387 2471 principes
1407 2431 1450 2458 sa
1613 2417 1639 2456 li
1658 2417 1741 2456 eius
1757 2436 1766 2447 ·
1806 2416 1857 2454 Et
1875 2423 2067 2456 uenerunt
2118 2418 2173 2456 eis
2188 2439 2196 2447 ·
2213 2439 2222 2448 ·
2253 2424 2291 2456 et
2308 2418 2488 2457 biberunt

574 2488 588 2509 ⁴
600 2487 722 2525 Erant
741 2493 871 2524 autem
890 2484 1042 2536 quida*
1075 2483 1279 2522 cerdotum
1319 2488 1361 2520 ut
1381 2489 1463 2521 eu*
1613 2481 1655 2519 in
1678 2480 1871 2518 ciuitatem
1911 2486 1950 2518 et
1968 2479 2005 2518 fe
2117 2493 2166 2519 ex
2178 2492 2226 2519 eo
2239 2493 2378 2520 omnes
2391 2503 2400 2512 ·
2421 2479 2450 2503 ²⁴
2464 2481 2514 2520 Et
2533 2481 2586 2520 ait

575 2549 822 2599 indignantes
865 2547 915 2587 ad
935 2559 977 2586 se
1075 2546 1242 2585 traderet
1256 2545 1331 2584 illis
1345 2565 1353 2575 ·
1615 2548 1751 2582 cerunt
1771 2542 1868 2581 sicut
1888 2542 1979 2581 dixe
2035 2554 2045 2555 ’
2116 2543 2188 2582 illis
2206 2565 2214 2574 ·
2259 2543 2321 2582 hic
2340 2550 2398 2582 est
2417 2556 2488 2582 san

576 2612 684 2661 ipsos
704 2617 741 2650 et
760 2611 932 2650 dicentes
949 2631 958 2640 ·
1076 2607 1105 2630 ¹¹
1121 2608 1173 2647 At
1195 2607 1247 2646 illi
1267 2607 1468 2646 audientes
1614 2612 1673 2644 rat
1691 2604 1763 2643 illis
1805 2604 1855 2644 Et
1873 2617 2018 2655 paraue
2116 2606 2202 2656 guis
2222 2618 2331 2645 meus
2351 2607 2444 2645 noui

578 2672 634 2711 Ut
653 2673 746 2724 quid
764 2673 861 2711 haec
880 2671 990 2722 perdi
1078 2670 1203 2722 gauisi
1224 2676 1312 2709 sunt
1330 2669 1382 2708 Et
1615 2674 1704 2706 runt
1722 2667 1870 2718 pascha
1887 2688 1938 2697 —
2117 2669 2336 2708 testamenti
2353 2669 2420 2720 qui

579 2735 633 2773 tio
645 2736 831 2785 unguenti
851 2735 953 2773 facta
1078 2733 1336 2784 promiserunt
1356 2732 1391 2771 ei
1616 2729 1825 2780 ¹⁷Uespere
1838 2736 1967 2769 autem
1980 2729 2084 2770 facto
2117 2742 2190 2782 pro
2209 2731 2337 2769 multis
2357 2731 2463 2770 effun

581 2801 663 2834 est·
703 2797 991 2847 ⁵poteratenim
1079 2795 1288 2847 pecuniam
1307 2794 1419 2834 dare·
1617 2793 1723 2832 uenit
1743 2804 1834 2832 cum
1853 2792 2020 2832 duodeci
2118 2793 2255 2832 detur·
2285 2791 2457 2832 ⁹⁵Amen
