2872 3268
368 323 452 355 ποι.
469 323 553 358 237.
570 320 679 354 catus
698 319 828 353 autem
848 317 914 364 sps
933 317 994 353 scs

571 200 629 252 64
1421 187 1738 237 SECUNDU-

1078 310 1218 351 ²omne
1236 299 1435 350 sarmenta

1076 375 1181 425 quod
1201 374 1242 411 in
1261 386 1324 412 me
1344 385 1427 412 non
1446 373 1497 412 ad

1076 437 1148 476 fert
1167 437 1333 475 fructum
1351 436 1407 475 tol

1077 500 1129 539 let
1147 499 1240 538 illud
1256 521 1264 530 -
1311 505 1350 538 et
1369 511 1488 538 omne

1075 562 1311 602 fructiferum
1329 574 1402 613 pur

1074 625 1181 675 gabit
1226 632 1268 663 ut
1282 625 1406 664 fructi}

1075 688 1262 726 maiorem
1281 687 1428 727 adferat
1440 709 1450 719 ·

1073 749 1087 770 ⁸
1100 750 1186 788 Iam
1204 762 1278 789 uos
1296 750 1432 790 mundi
1446 762 1488 790 es

570 389 691 428 quem
709 377 896 416 missurus
915 382 974 415 est

569 447 678 492 pater
696 440 737 478 in
756 440 914 478 nomine

570 515 662 542 meo
682 503 744 542 ille
763 514 836 541 uos
855 502 955 540 doce

569 566 628 605 bit
646 566 780 605 omnia
829 565 880 604 Et
900 576 991 603 amo

571 630 680 668 nebit
698 641 770 667 uos
789 627 921 667 omnia

571 702 840 742 quaecumque
861 691 951 728 dixe

570 766 615 792 ro
635 754 749 792 uobis
763 773 772 782 ·
806 751 835 773 ²⁷
848 752 991 791 Pacem

2247 203 2357 246 [XIV.
2371 206 2519 241 26—xv.
2533 216 2587 248 ²3-

1613 315 1652 348 et
1670 309 1751 347 sitis
1770 309 1846 347 mei
1866 308 2016 360 discipu
2114 316 2240 349 uester
2257 318 2415 350 maneat
2430 333 2439 342 ·

1612 372 1639 410 li
1653 393 1662 402 ·
1696 373 1710 394 ⁹
1725 371 1831 411 Sicut
1849 372 1981 412 dilexit
1999 385 2062 411 me
2113 379 2157 412 ut
2174 373 2362 424 quidquid
2381 375 2459 426 peti

1614 441 1723 485 pater
1735 455 1745 465 ·
1789 441 1827 474 et
1845 447 1920 486 ego
1938 447 2012 474 uos
2114 436 2217 474 eritis
2237 449 2261 475 a
2278 443 2387 487 patre
2405 438 2447 475 in

1614 497 1731 536 dilexi
1744 518 1753 527 ·
1797 497 1955 537 Manete
1975 499 2016 537 in
2117 499 2274 538 nomine
2299 511 2390 539 meo
2409 500 2476 540 det

1614 561 1768 600 caritate
1788 573 1876 600 mea
1891 582 1900 592 ·
1930 561 1960 583 ¹⁰
1975 562 2015 600 Si
2190 579 2245 596 ω
2262 562 2377 601 uobis
2396 580 2450 598 ω

1613 618 1796 674 precepta
1810 636 1898 663 mea
1912 636 1973 663 ser
2092 623 2146 648 *¹⁷
2158 624 2270 664 Haec
2290 626 2436 664 mando
2455 627 2568 665 uobis

1613 687 1795 725 uaueritis
1811 707 1820 717 ·
1868 688 2026 727 manebi
2092 687 2159 725 >fut
2178 687 2342 738 diligatis
2360 689 2440 727 inui

1613 749 1662 788 tis
1681 749 1723 788 in
1741 750 1898 789 caritate
1917 763 2005 790 mea
2092 750 2205 789 *cem
2251 751 2279 773 ¹⁸
2292 752 2324 790 si
2343 754 2515 793 mundus

2596 327 2679 359 Pol.
2694 327 2780 360 238.

571 816 622 855 do
641 816 776 854 uobis·
802 822 932 867 pacem
947 819 1036 853 mea

569 879 742 929 relinquo
761 879 875 917 uobis
891 899 899 908 ·

571 941 665 980 Non
684 941 885 992 quomodo
905 941 967 980 hic

569 1005 737 1043 mundus
757 1004 823 1043 dat
841 1016 917 1055 ego

568 1068 620 1106 do
635 1068 748 1106 uobis
761 1088 770 1098 ·
814 1080 896 1106 non
916 1080 992 1107 con

568 1131 738 1169 turbetur
757 1143 825 1170 cor
842 1142 912 1170 ues

568 1200 669 1231 trum
687 1205 814 1244 neque
833 1206 903 1244 per

568 1257 745 1295 timescat
761 1277 769 1286 ·
799 1254 827 1277 ²⁸
839 1256 963 1295 Audis

568 1320 616 1358 tis
636 1320 726 1371 quia
745 1332 820 1370 ego
839 1319 918 1358 dixi
937 1331 990 1358 uo

567 1382 628 1420 bis
675 1382 779 1421 uado
798 1389 836 1421 et
850 1382 968 1421 uenio

568 1445 618 1483 ad
636 1457 730 1484 uos.
765 1444 805 1483 Si
824 1457 888 1483 me
908 1445 974 1483 dili

565 1508 695 1559 geritis
713 1508 933 1558 gauderetis

567 1596 850 1647 quiaegouado
857 1596 1061 1647 adpatre*·

568 1663 665 1710 qum
684 1665 794 1710 pater
813 1672 923 1698 meus
942 1672 1008 1699 ma

568 1722 627 1760 ior
646 1734 711 1760 me
730 1729 789 1761 est
802 1744 811 1753 -
841 1721 870 1744 ²⁹
882 1729 919 1761 et
932 1735 1035 1762 nunc

569 1785 649 1823 dixi
667 1786 782 1824 uobis
802 1788 1003 1836 antequa-

568 1847 635 1886 fiat
679 1855 722 1887 ut
741 1860 831 1887 cum
850 1849 989 1888 factu-

568 1910 680 1950 fuerit
699 1912 862 1950 credatis
878 1933 887 1942 ·

565 1970 689 2008 ³⁰Iam
699 1983 779 2010 non
791 1972 911 2011 multa
917 1972 1056 2023 loquor

568 2033 795 2071 uobiscum·
838 2035 969 2074 ueniet

570 2097 674 2134 enim
693 2096 806 2136 huius
826 2098 963 2136 mundi

570 2159 752 2209 princeps
772 2166 810 2198 et
829 2161 868 2198 in
888 2173 951 2199 me

571 2221 689 2260 habet
703 2221 797 2259 nihil
813 2243 822 2252 ·
840 2243 848 2253 ·
869 2222 898 2244 ⁸¹
908 2223 985 2261 Sed
997 2229 1039 2262 ut

572 2291 788 2334 cognoscat
799 2285 862 2324 hic
871 2286 1039 2325 mundus

571 2347 677 2397 quod
697 2347 814 2398 diligo
834 2355 985 2398 patrem
1001 2369 1010 2378 ·

571 2415 609 2447 et
621 2421 699 2459 quo
714 2410 832 2450 modo
846 2410 1061 2450 mandatu-

572 2472 667 2509 mihi
687 2472 792 2511 dedit
811 2480 920 2523 pater

557 2535 629 2573 'sic
649 2534 750 2574 facio
764 2556 773 2566 ·
813 2537 955 2586 surgite
975 2548 1023 2575 ea

629 2614 682 2632 »Α
696 2610 782 2636 mus
800 2598 891 2637 hinc
907 2616 960 2634 se*

545 2655 564 2676 *
578 2661 640 2697 15.
655 2658 764 2709 ¹Ego
784 2672 869 2698 sum
887 2661 974 2700 uitis
992 2673 1042 2700 ue

546 2716 565 2738 ’¹‘
580 2731 622 2758 ra
638 2742 646 2750 ·
695 2728 733 2759 et
751 2729 859 2772 pater
878 2736 988 2763 meus

578 2782 746 2831 agricola
766 2792 823 2824 est
836 2807 844 2816 ·
861 2809 915 2814 --

1073 813 1120 852 tis
1137 835 1145 844 ·
1163 820 1321 864 propter
1338 826 1407 853 uer

1073 876 1167 914 bum
1187 877 1293 927 quod
1311 876 1461 916 locutus

1074 951 1162 978 sum
1180 940 1293 978 uobis
1307 960 1316 969 ·
1332 961 1340 970 ·
1356 961 1364 970 ·
1395 941 1409 961 ⁴
1422 939 1542 978 Mane

1075 1010 1113 1041 te
1133 1002 1173 1040 in
1193 1015 1258 1041 me
1277 1008 1315 1041 et
1334 1014 1410 1054 ego
1429 1003 1471 1041 in
1490 1015 1542 1043 uo

1075 1065 1135 1104 bis
1149 1085 1158 1095 ·
1205 1064 1313 1104 Sicut
1332 1078 1488 1104 sarmen

1074 1134 1157 1166 tum
1176 1140 1258 1167 non
1277 1135 1405 1179 potest
1424 1130 1475 1168 ab

1075 1203 1116 1229 se
1136 1190 1303 1230 fructum
1322 1191 1450 1231 facere
1466 1213 1475 1222 -

1073 1254 1147 1292 nisi
1166 1255 1421 1305 permanserit

1072 1316 1113 1354 in
1131 1317 1252 1356 uitem
1268 1338 1277 1347 -
1323 1316 1388 1356 Sic
1407 1330 1481 1357 nec

1072 1391 1144 1418 uos
1164 1381 1196 1418 si
1215 1392 1296 1419 non
1316 1392 1452 1419 manse

1072 1443 1152 1481 ritis
1167 1443 1212 1497 in
1230 1455 1294 1482 me
1311 1464 1320 1474 ·
1349 1443 1463 1495 ⁵Ego
1483 1448 1528 1483 ssi

1070 1506 1156 1544 uitis
1175 1518 1248 1545 uos
1268 1514 1463 1546 sarmenta

1071 1594 1137 1643 qui
1156 1601 1288 1633 manet
1306 1594 1347 1633 in
1365 1607 1428 1634 me

1071 1662 1110 1695 et
1124 1669 1199 1707 ego
1219 1658 1259 1695 in
1278 1657 1344 1696 illo
1358 1679 1367 1688 ·
1407 1658 1470 1696 hic
1489 1658 1539 1696 ad

1072 1719 1144 1758 fert
1162 1720 1328 1759 fructum
1349 1721 1439 1771 copi

1072 1795 1186 1821 osum
1200 1803 1209 1814 ·
1252 1784 1343 1833 quia
1354 1784 1438 1823 sine
1457 1796 1522 1823 me

1072 1847 1234 1896 potestis
1253 1846 1381 1886 facere
1401 1846 1497 1886 nihil
1510 1868 1519 1877 ·

1072 1908 1085 1929 ⁶
1100 1909 1131 1946 si
1151 1909 1237 1959 quis
1256 1922 1338 1949 non
1357 1922 1494 1949 manse

1071 1971 1119 2009 rit
1138 1971 1179 2010 in
1198 1985 1262 2011 me
1275 1993 1285 2003 ·
1328 1973 1513 2023 proicitur

1071 2033 1173 2074 foras
1194 2035 1291 2074 sicut
1310 2047 1464 2075 sarmen

1070 2104 1154 2136 tum
1201 2105 1238 2136 et
1254 2105 1402 2137 arescet
1420 2105 1459 2137 et

1072 2162 1368 2211 congregabunt
1387 2161 1479 2200 illud
1493 2182 1502 2192 ·

1072 2230 1111 2261 et
1129 2223 1169 2261 in
1188 2224 1322 2273 ignem
1342 2224 1495 2263 mittent

1073 2292 1111 2324 et
1131 2287 1367 2325 conburetur
1379 2310 1432 2317 --

1074 2349 1087 2369 ⁷
1103 2348 1144 2386 Si
1163 2349 1381 2387 manseritis
1400 2350 1440 2387 in
1459 2361 1523 2387 me

1075 2417 1113 2449 et
1131 2411 1251 2449 uerba
1270 2423 1358 2449 mea
1378 2411 1418 2449 in
1436 2423 1487 2450 uo

1074 2474 1133 2512 bis
1150 2503 1158 2511 .
1201 2474 1232 2511 si
1252 2474 1344 2524 quid
1362 2474 1477 2513 uolue

1075 2537 1155 2575 ritis
1174 2537 1290 2587 petite
1310 2543 1349 2576 et
1368 2537 1434 2575 fiet

1075 2600 1188 2639 uobis
1205 2620 1214 2630 ·
1243 2599 1256 2620 ⁸
1272 2599 1320 2638 In
1339 2599 1414 2639 hoc
1435 2599 1541 2639 hono

1075 2663 1243 2702 rificatus
1262 2669 1320 2701 est
1338 2669 1447 2713 pater

1077 2738 1189 2765 meus
1234 2732 1276 2765 ut
1296 2725 1462 2764 fructum

1077 2789 1280 2839 copiosum
1299 2788 1478 2829 adferatis

1615 812 1724 851 Sicut
1741 825 1817 863 ego
1836 820 2042 865 praecepta

1613 876 1732 926 patris
1751 876 1942 915 custodiui
1955 898 1964 907 -

1612 944 1651 976 et
1669 950 1811 978 maneo
1831 939 1872 977 in
1891 939 2011 979 carita

1612 1009 1649 1040 te
1669 1002 1768 1040 illius
1782 1022 1791 1032 ·
1821 1001 1847 1024 11
1860 1002 1972 1042 Haec
1992 1003 2082 1042 locu

1614 1071 1674 1103 tus
1694 1076 1780 1103 sum
1798 1065 1911 1104 uobis
1929 1086 1938 1096 ·
1983 1073 2027 1105 ut

1613 1127 1801 1178 gaudium
1819 1140 1950 1167 meum

1613 1190 1655 1228 in
1673 1190 1785 1230 uobis
1805 1191 1854 1229 sit
1868 1212 1877 1221 ·
1921 1198 1959 1230 et
1977 1204 2055 1242 gau

1614 1253 1722 1291 dium
1741 1261 1913 1292 uestrum
1931 1255 1986 1293 im

1614 1316 1763 1367 pleatur
1776 1337 1785 1346 ·
1801 1337 1809 1347 ·
1825 1338 1833 1347 ·
1868 1315 1898 1338 ¹²
1910 1317 2003 1357 Hoc
2023 1325 2081 1357 est

1613 1379 1841 1418 mandatum
1855 1384 1945 1419 mesi

1611 1448 1654 1480 ut
1674 1442 1839 1493 diligatis
1858 1443 1984 1482 inuice
2002 1465 2011 1474 ·

1612 1505 1711 1544 sicut
1730 1505 1846 1545 dilexi
1864 1518 1936 1545 uos

1583 1624 1596 1632 .
1611 1591 1639 1613 ¹³
1651 1593 1842 1632 maiorem
1861 1593 1963 1633 hanc
1983 1595 2063 1634 cari

1611 1661 1731 1694 tatem
1750 1668 1867 1695 nemo
1882 1657 2000 1696 habet
2015 1678 2024 1688 ·

1611 1719 1783 1769 utsiquis
1795 1720 1968 1759 animam
1983 1727 2082 1759 sua-

1611 1787 1733 1831 ponat
1747 1794 1818 1832 pro
1829 1783 1964 1822 amicis
1977 1784 2056 1822 suis
2070 1805 2079 1814 ·

1612 1844 1642 1865 ¹⁴
1651 1843 1737 1883 Uos
1750 1845 1865 1884 amici
1877 1847 1954 1884 mei
1965 1847 2056 1885 estis
2069 1867 2078 1877 ·

1613 1907 1646 1946 si
1664 1907 1828 1947 feceritis
1849 1910 1957 1960 quod

1611 1983 1686 2021 ego
1706 1971 1851 2010 mando
1871 1973 1984 2011 uobis
1998 1994 2054 2002 —

1612 2032 1642 2054 ¹⁵
1655 2034 1740 2072 Iam
1760 2046 1840 2073 non
1859 2047 1931 2074 uos
1952 2036 2080 2075 dicam

1613 2109 1747 2135 seruos
1761 2118 1770 2127 ·
1814 2102 1910 2149 qi‘nn
1929 2110 1989 2137 ser

1612 2172 1685 2198 uus
1705 2161 1828 2199 nescit
1847 2161 1941 2212 quid
1961 2161 1999 2200 fa

1613 2223 1689 2261 ciat
1708 2223 1781 2262 dfis
1801 2224 1882 2262 eius
1899 2245 1908 2254 -
1953 2224 2038 2264 Uos

1614 2291 1744 2323 autem
1764 2286 1843 2324 dixi
1863 2287 2012 2326 amicos

1614 2347 1718 2395 Quia
1736 2351 1868 2387 omnia
1887 2361 1986 2400 quae
2007 2362 2056 2389 au

1614 2410 1691 2449 diui
1707 2423 1730 2449 a
1752 2417 1859 2461 patre
1878 2424 1968 2451 meo

1614 2480 1707 2512 nota
1725 2474 1837 2512 uobis
1856 2474 1929 2513 feci
1943 2496 1951 2506 ·

1615 2537 1642 2558 ¹⁶
1657 2549 1739 2575 non
1758 2549 1831 2576 uos
1851 2549 1913 2576 me
1933 2538 2054 2589 elegis

1615 2600 1662 2638 tis
1682 2600 1750 2638 sed
1769 2612 1844 2650 ego
1865 2601 1964 2652 elegi
1981 2613 2053 2641 uos

1614 2668 1653 2701 et
1672 2662 1851 2701 ordinaui
1870 2675 1942 2703 uos
1959 2684 1967 2694 ·
2011 2671 2054 2703 ut

1614 2737 1686 2764 uos
1705 2726 1799 2764 eatis
1818 2732 1856 2764 et
1875 2726 2030 2765 fructu-

1616 2788 1743 2828 feratis
1761 2796 1799 2828 et
1819 2789 1965 2829 fructus

2117 825 2189 853 uos
2209 813 2290 853 odit
2310 816 2448 854 scitote

2117 876 2224 926 quod
2244 877 2471 929 priusquam

2115 950 2189 978 uos
2208 951 2272 978 me
2290 940 2392 979 odit·
2422 940 2451 963 ¹⁹
2468 940 2506 980 Si
2526 941 2574 981 de

2117 1000 2192 1041 hoc
2212 1003 2361 1042 mundo
2381 1016 2465 1042 esse

2115 1065 2164 1103 tis
2210 1066 2379 1105 mundus
2399 1067 2472 1118 tiqx

2116 1128 2222 1178 quod
2243 1140 2356 1167 suum
2374 1137 2455 1168 erat
2475 1143 2498 1168 a

2116 1198 2239 1230 maret
2253 1212 2262 1221 ·
2306 1196 2402 1243 qum
2421 1197 2510 1231 aute

2116 1253 2164 1291 de
2184 1253 2259 1293 hoc
2280 1256 2429 1294 mundo
2448 1268 2529 1295 non

2114 1316 2205 1355 estis
2255 1316 2330 1355 Sed
2349 1330 2425 1368 ego
2445 1318 2502 1358 ele

2115 1379 2154 1429 gi
2173 1391 2246 1417 uos
2265 1379 2313 1418 de
2332 1379 2407 1419 hoc
2427 1393 2524 1420 mun

2116 1442 2167 1481 do
2182 1462 2191 1472 ·
2235 1441 2324 1481 ideo
2342 1454 2415 1482 uos
2434 1443 2516 1483 odit

2115 1504 2284 1543 mundus
2301 1526 2309 1536 ·
2325 1525 2334 1535 ·
2349 1526 2357 1535 ·
2406 1504 2436 1527 ²⁰
2447 1505 2585 1546 Memo

2115 1604 2176 1630 res
2195 1598 2319 1632 estote
2338 1594 2447 1632 uerbi
2467 1595 2543 1633 mei

2115 1655 2223 1706 quod
2241 1667 2316 1706 ego
2331 1656 2410 1694 dixi
2429 1658 2563 1696 uobis·-

2115 1730 2196 1756 non
2215 1725 2274 1757 est
2294 1730 2426 1757 seruus
2445 1732 2510 1758 ma

2114 1781 2171 1819 ior
2189 1780 2269 1820 dfio
2290 1793 2362 1820 suo
2375 1803 2384 1812 ·
2428 1782 2468 1820 Si
2489 1795 2552 1822 me

2114 1845 2306 1894 persecuti
2326 1851 2414 1884 sunt
2427 1866 2436 1876 ·
2479 1845 2531 1885 Et

2114 1917 2186 1944 uos
2205 1914 2484 1958 persequentur
2497 1929 2506 1939 ·

2117 1967 2156 2006 Si
2175 1969 2337 2007 uerbum
2355 1982 2486 2009 meum
2506 1983 2575 2010 cus

2114 2030 2266 2070 todiunt
2282 2052 2291 2062 ·
2334 2039 2373 2071 et
2390 2038 2520 2072 uestru

2116 2096 2324 2134 seruabunt
2341 2117 2350 2126 ·
2379 2095 2407 2117 ²¹
2423 2096 2500 2136 Sed

2115 2157 2211 2197 haec
2232 2159 2363 2197 omnia
2382 2159 2522 2199 facient

2116 2221 2227 2259 uobis
2247 2228 2404 2272 propter
2423 2235 2477 2261 no

2115 2295 2207 2321 men
2227 2295 2358 2322 meum
2405 2286 2494 2335 quia
2513 2286 2554 2337 ig

2115 2352 2255 2384 norant
2272 2358 2362 2384 eum
2381 2349 2447 2398 qui
2467 2362 2530 2388 me

2115 2408 2219 2447 misit
2234 2429 2243 2438 ·
2277 2408 2306 2428 ²²
2320 2409 2360 2448 Si
2380 2423 2462 2450 non
2481 2424 2529 2451 ue

2115 2471 2260 2509 nissem
2279 2478 2317 2510 et
2334 2472 2487 2513 locutus

2114 2533 2185 2572 illis
2205 2533 2361 2573 fuissem
2374 2557 2383 2566 ·
2423 2549 2544 2587 pecca

2114 2603 2198 2635 tum
2216 2610 2298 2637 non
2317 2599 2501 2639 haberent
2514 2622 2523 2631 ·

2116 2675 2221 2701 nunc
2242 2669 2370 2701 autem
2384 2676 2528 2703 excusa

2115 2727 2262 2765 tionem
2280 2739 2363 2765 non
2385 2727 2529 2766 habent

2118 2789 2165 2828 de
2178 2796 2341 2840 peccato
2354 2811 2363 2820 -
2372 2790 2506 2841 †²⁸qui
2520 2803 2583 2830 me

2212 2852 2246 2883 in
2262 2855 2475 2894 penteconste

2863 210 2872 239 ἒ

2866 251 2872 283 ¹.
