2872 3268
267 210 362 243 xm.
386 209 546 243 16—xw.
563 206 612 251 7·]
1152 198 1386 239 LUCAN-

2225 205 2280 250 95

1307 311 1359 350 Et
1378 311 1606 350 recumbent
1625 310 1663 348 in
1809 321 1891 348 non
1911 321 1974 348 me
1994 309 2174 348 uidebitis
2300 313 2381 344 1¹01.
2398 312 2479 344 128.

1307 386 1430 425 regno
1452 374 1512 412 di·
1556 372 1586 394 ⁸⁰
1597 379 1635 412 et
1654 384 1747 412 ecce
1811 372 1940 411 donec
1959 374 2091 411 ueniat
2111 377 2160 411 οῦ

71 327 154 360 1⁸01.
169 327 250 361 127.
267 325 388 366 quam
407 313 577 364 alligauit
596 324 640 352 sa

266 384 379 416 tanas
425 389 519 415 ecce
538 376 676 414 decem

769 311 844 351 dfie
865 318 903 351 et
923 313 954 351 si
969 312 1082 363 pauci
1103 312 1169 363 qui

769 375 866 414 salui
888 376 1004 414 fiunt·
1045 376 1128 426 ipse

267 446 306 478 et
325 446 415 478 octo
434 439 545 478 annis
564 451 647 477 non

268 503 441 553 oportuit
460 502 559 540 solui

268 577 293 609 a
311 564 469 603 uinculo
487 564 561 602 isto
581 563 644 602 die

269 627 419 666 sabbati
440 647 449 657 ·
467 647 476 657 ·
501 625 530 648 ¹⁷
542 627 593 665 Et
613 637 705 665 cum

267 689 366 728 haec
387 689 553 728 diceret·
584 701 651 727 eru

269 752 481 790 bescebant
501 751 620 790 aduer

270 814 359 853 sarii
378 814 459 852 eius
472 835 481 844 ·
523 821 561 853 et
582 826 648 853 om

271 876 332 915 nis
350 876 520 927 populus
539 888 616 927 gau

271 938 387 978 debat
406 940 445 977 in
465 939 619 989 praecla

270 1002 323 1040 ris
342 1013 443 1052 quae
463 1001 639 1040 uiderant

270 1064 354 1102 fieri
374 1065 424 1102 ab
445 1064 533 1114 ipso
549 1085 558 1094 ·
573 1086 628 1092 —

271 1125 301 1148 ²⁸
312 1126 479 1165 Dicebat
499 1133 628 1165 autem
649 1126 711 1164 cui

272 1189 396 1229 simile
417 1196 475 1228 est
493 1194 619 1239 regni-1

273 1252 334 1291 di·
383 1258 421 1290 et
441 1252 502 1291 cui
522 1252 645 1291 simile

273 1326 360 1354 esse
379 1314 473 1353 illud
491 1315 635 1353 extima

272 1377 326 1416 bo
343 1398 352 1407 -
395 1375 424 1398 ¹⁹
438 1376 569 1415 Simile
588 1383 647 1416 est

273 1451 440 1490 granum
460 1440 616 1491 synapis

274 1502 382 1554 quod
401 1509 564 1553 accepto
584 1502 706 1541 homo

274 1590 378 1629 misit
397 1590 438 1628 in
456 1589 612 1629 hortum

276 1665 391 1692 suurn
429 1660 467 1691 et
486 1653 608 1691 creuit

276 1722 315 1754 et
333 1715 434 1754 facta
453 1721 511 1754 est
530 1716 645 1754 arbor

275 1778 432 1829 grandis
446 1799 455 1809 ·
499 1778 560 1817 Ita
577 1785 619 1817 ut
638 1790 691 1817 uo

274 1841 402 1880 lucres
422 1841 518 1880 caeli
536 1841 647 1891 requi

275 1901 452 1942 escerent
471 1904 512 1942 in
531 1904 648 1943 ramis

276 1966 359 2005 eius
376 1987 384 1997 ·
404 1987 412 1996 ·
431 1964 482 1996 ·²⁰
494 1966 544 2005 Et
563 1967 702 2005 iterum

276 2029 373 2068 dixit
385 2049 395 2059 ·
438 2029 499 2068 cui
519 2029 642 2068 simile

275 2091 490 2130 aestimabo
509 2096 632 2142 regnu

276 2154 317 2193 di
332 2175 341 2184 ·
382 2152 410 2174 ²¹
426 2154 549 2193 simile
568 2161 626 2194 est
645 2154 700 2194 fer

275 2223 410 2255 mento
430 2217 537 2268 quod
556 2230 680 2268 accep

276 2285 359 2318 tum
379 2280 516 2318 mulier
535 2281 686 2319 abscon

278 2341 335 2380 dit
354 2342 392 2380 in
413 2341 576 2381 farinam

278 2403 406 2443 donec
425 2404 615 2444 fermenta

277 2472 362 2504 tum
381 2474 439 2505 est
457 2473 582 2506 totum
596 2489 652 2496 —

277 2526 307 2550 ²2
319 2527 370 2566 Et
389 2529 468 2567 ibat
486 2542 556 2579 per
574 2530 748 2569 ciuitates

280 2597 319 2629 et
338 2591 494 2630 castella
514 2591 661 2630 docens
679 2613 688 2622 ·

281 2651 407 2692 et’iter
425 2653 569 2692 faciens
588 2654 629 2692 in
651 2654 715 2693 hie

280 2715 450 2754 rusalem
466 2736 474 2745 ·
493 2736 502 2746 -
516 2713 544 2736 ’Β
557 2716 653 2755 dixit

280 2783 411 2817 autem
430 2777 480 2816 illi
499 2777 660 2829 quidam

770 445 901 476 autem
921 438 1015 476 dixit
1035 438 1085 477 ad
1104 438 1190 476 illos

769 501 799 523 ²⁴
810 501 1033 539 contendite
1053 501 1152 539 intra

770 576 811 602 re
830 575 899 614 per
919 569 1130 614 angustum

771 627 914 665 ostium
928 647 937 656 ·
981 627 1072 677 quia
1092 626 1131 664 di

772 701 820 727 co
839 689 952 727 uobis
971 688 1080 727 multi
1100 701 1176 740 que

772 757 861 789 runt
881 751 1036 789 introire
1057 758 1096 790 et

772 825 854 851 non
874 819 1083 863 potuerunt
1096 834 1104 844 ·

772 873 802 896 ²⁵
814 875 875 913 Ex
896 888 976 926 quo
997 876 1158 914 surrexit
1177 887 1229 926 pa

774 938 995 977 terfamilias
1014 945 1051 977 et
1071 938 1134 977 clu

775 1000 863 1038 serit
883 1001 1025 1038 ostium
1040 1021 1048 1030 ·
1090 1001 1143 1039 Et

775 1063 966 1112 incipietis
986 1063 1079 1101 foris

775 1131 874 1164 stare
894 1132 931 1164 et
950 1126 1106 1176 pulsare

776 1188 949 1226 dicentes
963 1208 972 1218 ·
1016 1187 1091 1226 dr'ie
1113 1187 1188 1226 dne

775 1251 881 1301 aperi
900 1251 1014 1289 nobis
1028 1271 1037 1281 ·
1077 1251 1129 1289 Et
1149 1263 1188 1289 re

777 1313 976 1363 spondens
995 1313 1096 1352 dicet

778 1376 910 1414 nescio
929 1389 1002 1415 uos
1020 1376 1125 1415 unde

777 1439 868 1477 estis
885 1460 893 1468 ·
911 1459 922 1469 ο
938 1460 947 1469 -
963 1437 991 1460 ²⁶
1003 1439 1119 1478 Tunc
1138 1439 1215 1477 inci

778 1502 888 1552 pietis
908 1501 1036 1540 dicere
1053 1523 1061 1532 ·

778 1588 1108 1628 Manducauimus
1129 1602 1177 1628 co

777 1664 861 1690 ram
880 1659 917 1690 te
936 1659 974 1691 et
993 1653 1161 1691 bibimus
1175 1674 1183 1683 -

777 1721 815 1753 et
833 1715 873 1752 in
893 1715 1029 1765 plateis
1048 1716 1191 1755 nostris

778 1778 964 1816 docuistis
981 1799 989 1808 -
1029 1776 1059 1799 ²⁷
1071 1785 1108 1817 et
1127 1778 1229 1817 dicet

777 1840 891 1879 uobis
908 1861 916 1870 ·
961 1841 1093 1880 nescio
1113 1853 1186 1880 uos

777 1902 882 1941 unde
903 1903 994 1942 estis
1011 1924 1019 1934 ·
1061 1903 1180 1943 Disce

778 1965 855 2004 dite
875 1978 898 2004 a
917 1978 980 2004 me
1000 1978 1138 2006 omnes

778 2029 941 2079 operarii
959 2029 1080 2080 iniqui

779 2091 868 2130 tatis
907 2090 935 2112 ²⁸
949 2092 1000 2130 ibi
1020 2093 1089 2131 erit
1108 2092 1221 2131 fletus

780 2161 817 2192 et
836 2154 977 2192 stridor
998 2145 1131 2194 (lentii-1
1144 2177 1197 2183 —

781 2216 884 2255 Cum
904 2217 1074 2256 uideritis
1096 2219 1190 2257 abra

780 2279 872 2318 ham
892 2286 930 2318 et
953 2281 1054 2320 isaac
1076 2287 1115 2319 et
1161 2277 1168 2281 ’

779 2342 894 2381 iacob
910 2363 919 2372 ·
962 2350 1000 2382 et
1018 2356 1156 2382 omnes

779 2405 949 2455 profetas
969 2406 1093 2445 introe

782 2475 892 2506 untes
911 2469 951 2506 in
971 2477 1127 2519 regnu-

781 2529 821 2568 di
834 2551 842 2559 ·
883 2542 957 2569 uos
978 2538 1106 2569 autem
1126 2543 1177 2569 ex

780 2592 869 2642 pelli
888 2592 991 2631 foras
1006 2613 1014 2623 ·
1057 2591 1086 2615 ²⁹
1097 2600 1135 2631 et
1153 2606 1203 2632 ue

781 2655 890 2692 nient
909 2656 958 2692 ab
979 2655 1126 2694 oriente

782 2723 820 2755 et
839 2717 1041 2755 occidente
1061 2724 1098 2756 et
1117 2730 1142 2756 a

782 2778 939 2830 quilone
953 2799 962 2809 ·
991 2785 1028 2818 et
1047 2786 1177 2819 austro

1309 443 1398 476 sunt
1417 437 1622 475 nouissimi

1309 500 1375 550 qui
1395 505 1505 537 erunt
1523 499 1637 549 primi
1659 519 1668 528 ·

1310 569 1348 601 et
1368 568 1458 600 sunt
1476 562 1590 611 primi
1612 561 1678 613 qui

1310 631 1422 663 erunt
1441 624 1642 662 nouissimi
1658 644 1667 654 ·

1812 435 1947 474 dicatis
1966 435 2130 474 benedic

1812 504 1874 536 tus
1895 498 1961 549 qui
1981 498 2087 536 uenit
2106 499 2146 536 in
2166 511 2220 538 no

1841 577 1895 595 ψ
1907 561 2011 599 mine
2032 560 2098 599 dni
2110 578 2164 592 m

1781 622 1875 662 *14.
1896 622 1909 643 ¹
1922 622 1973 661 Et
1992 623 2136 662 factum
2156 630 2216 662 est

1311 686 1338 708 ⁸¹
1348 687 1395 725 In
1415 688 1500 737 ipsa
1519 687 1580 725 die
1600 698 1756 726 accesse
1780 686 1905 724 *cum
1926 686 2082 724 intraret

1311 756 1401 788 runt
1416 750 1574 800 quidam
1594 749 1632 788 fa

1312 813 1500 851 riseorum
1519 812 1632 850 dicen

1312 881 1369 913 tes
1387 874 1460 912 illi·
1501 875 1564 913 exi
1583 881 1621 912 et
1639 874 1739 913 uade

1314 937 1403 975 hinc
1421 958 1430 967 ·
1469 937 1560 988 quia
1580 937 1674 975 hero

1314 999 1383 1038 des
1403 1000 1486 1038 uult
1504 1006 1542 1038 te
1561 999 1698 1038 occide

1314 1075 1354 1101 re
1372 1082 1380 1091 ·
1414 1061 1443 1083 ³²
1455 1069 1492 1101 et
1512 1063 1564 1100 ait
1583 1062 1657 1101 illis
1672 1082 1681 1092 ·
1714 1062 1765 1100 ite

1314 1124 1430 1163 dicite
1449 1125 1557 1175 uulpi
1577 1125 1652 1162 illi·

1314 1187 1419 1225 Ecce
1438 1188 1536 1226 eicio
1557 1187 1740 1226 demonia

1315 1256 1353 1287 et
1372 1250 1553 1289 sanitates
1573 1263 1642 1300 per

1314 1312 1403 1350 ficio
1424 1313 1537 1350 hodie
1557 1320 1595 1351 et
1614 1325 1698 1351 cras
1712 1334 1720 1343 -

1315 1382 1352 1413 et
1372 1375 1481 1414 tertia
1501 1376 1562 1414 die
1583 1388 1660 1414 con

1315 1449 1489 1476 summor
1505 1458 1514 1467 ·
1531 1458 1540 1468 ·
1557 1438 1584 1459 ³⁸
1596 1442 1691 1476 uerfl

1314 1507 1446 1539 tamen
1465 1507 1620 1551 oportet
1638 1513 1703 1539 me

1314 1588 1430 1627 hodie
1449 1595 1486 1627 et
1506 1601 1590 1628 cras
1606 1610 1615 1619 ·
1655 1595 1693 1627 et

1316 1652 1493 1702 sequenti
1513 1652 1566 1690 ire
1581 1673 1589 1682 ·

1315 1715 1406 1765 quia
1425 1727 1507 1753 non
1526 1716 1630 1765 capit
1649 1728 1720 1766 pro

1316 1777 1433 1815 fetam
1453 1779 1575 1827 perire
1594 1784 1702 1816 extra

1316 1839 1548 1879 hierusalem
1561 1862 1570 1871 ·
1583 1862 1638 1869 -

1315 1900 1344 1923 ⁸⁴²
1358 1903 1596 1941 Hierusalem
1613 1924 1622 1934 ·
1660 1903 1768 1942 hieru

1315 1965 1433 2005 salem
1448 1986 1456 1995 ·
1498 1978 1596 2016 quae
1616 1967 1703 2005 occi

1313 2028 1371 2066 dis
1391 2028 1560 2079 profetas
1579 2036 1617 2067 et
1636 2030 1673 2067 la

1312 2091 1423 2141 pidas
1444 2103 1513 2130 eos
1533 2092 1598 2143 qui
1618 2092 1668 2130 ad
1688 2098 1726 2131 te

1312 2155 1512 2192 mittuntur
1525 2175 1534 2184 ·
1578 2167 1658 2206 quo

1312 2217 1412 2255 tiens
1430 2217 1536 2255 uolui
1556 2230 1633 2256 con

1312 2292 1474 2331 gregare
1494 2280 1594 2320 filios

1311 2349 1400 2381 tuos
1420 2343 1590 2394 quemad

1312 2406 1477 2444 modum
1496 2406 1643 2455 gallina

1311 2468 1439 2518 pullos
1459 2480 1551 2507 suos
1572 2470 1645 2507 sub

1312 2531 1451 2581 pinnas
1470 2538 1508 2570 et
1527 2530 1654 2570 noluis

1311 2593 1360 2631 tis
1377 2613 1386 2623 ·
1426 2593 1456 2614 ³⁵
1468 2606 1559 2632 ecce
1578 2594 1716 2644 rinque

1312 2662 1373 2693 tur
1391 2656 1505 2694 uobis
1525 2656 1666 2695 domus

1312 2725 1441 2756 uestra
1460 2718 1675 2756 deserta—

1312 2779 1414 2819 Dico
1434 2787 1562 2819 autem
1581 2781 1694 2820 uobis

1781 749 1852 786 *in
1873 748 2035 786 domum
2056 749 2166 787 cuius

1779 810 1901 848 *dam
1921 811 2110 862 principis

1815 873 2066 912 farisaeorum

1815 938 1978 975 sabbato
1998 936 2149 974 mandu

1815 1012 1902 1038 care
1922 1012 2065 1049 panem
2081 1020 2089 1029 ·
2126 999 2178 1037 Et

1814 1062 1887 1112 ipsi
1907 1063 2165 1101 obseruabant

1815 1137 1905 1164 eum
1919 1146 1928 1155 ·
1969 1124 2045 1163 ²Et
2065 1137 2158 1164 ecce

1815 1188 1936 1226 homo
1956 1188 2122 1238 hydropi

1817 1263 1885 1289 cus
1905 1257 1984 1289 erat
2004 1257 2090 1288 ante
2110 1250 2136 1288 il

1817 1313 1897 1351 lum
1913 1334 1922 1343 ·
1963 1313 1977 1334 ³
1989 1313 2041 1351 Et
2059 1325 2204 1364 respon

1818 1375 1915 1414 dens
1935 1375 1994 1414 ihs
2013 1375 2063 1414 ad
2082 1375 2177 1426 legis

1817 1438 1960 1488 peritos
1979 1445 2015 1476 et
2035 1438 2104 1477 fari

1819 1513 1907 1539 seos
1927 1501 2021 1539 dixit
2035 1521 2044 1531 ·
2093 1501 2124 1539 si
2143 1501 2233 1540 licet

1819 1585 1976 1628 sabbato
1997 1601 2130 1627 curare

1819 1659 1885 1690 aut
1905 1664 1986 1690 non
2003 1672 2012 1682 ·
2055 1651 2069 1672 ⁴
2082 1658 2120 1689 at
2139 1651 2190 1689 illi
2209 1657 2250 1690 ta

1818 1721 1980 1753 cuerunt
1996 1735 2005 1744 ·
2050 1714 2132 1764 ipse
2151 1727 2200 1752 ue

1818 1790 1862 1816 ro
1882 1776 2171 1828 adprehensum

1818 1852 1908 1879 eum
1928 1840 2079 1878 sanauit
2126 1851 2171 1878 ac
2192 1839 2231 1878 di

1817 1903 1922 1941 misit
1940 1902 2034 1940 ilum
2051 1923 2059 1932 ·
2090 1901 2104 1923 ⁵
2119 1902 2170 1940 Et
2190 1902 2287 1941 dixit

1817 1965 1866 2004 ad
1886 1965 1971 2003 illos
1987 1985 1996 1994 ·
2041 1964 2160 2003 Cuius
2180 1977 2250 2004 ues

1816 2034 1918 2066 trum
1938 2027 2037 2065 filius
2056 2035 2121 2065 aut
2139 2027 2212 2066 bos

1817 2090 1918 2128 cadit
1937 2090 1976 2127 in
1996 2096 2157 2140 puteum
2173 2110 2182 2120 ·

1815 2159 1853 2191 et
1872 2164 1952 2190 non
1972 2153 2159 2191 continuo
2178 2165 2227 2191 ex

1816 2216 1903 2254 trait
1922 2215 2030 2253 illum
2050 2216 2090 2253 in
2114 2215 2174 2253 die

1817 2278 1967 2316 sabbati
1984 2298 1993 2308 ·
2022 2278 2097 2316 6Et
2117 2290 2198 2316 non
2218 2290 2271 2329 po

1816 2346 1942 2378 terant
1962 2340 2011 2378 ad
2031 2339 2102 2378 hec
2121 2352 2183 2378 res

1816 2402 1987 2453 pondere
2007 2402 2059 2440 illi
2073 2423 2082 2432 ·
2126 2403 2140 2424 ⁷
2153 2403 2236 2441 dice

1816 2466 1929 2504 cebat
1949 2471 2077 2503 autem
2097 2465 2147 2503 ad
2167 2466 2207 2503 in

1816 2527 1958 2565 uitatos
1979 2526 2138 2565 similitu

1816 2589 1970 2627 dinem·
2013 2589 2218 2629 intendens

1815 2651 2016 2703 quomodo
2036 2653 2184 2702 primos

1814 2715 2008 2753 recubitos
2032 2715 2139 2766 elege

1815 2783 1921 2816 rent·
1960 2776 2106 2816 Dicens
2125 2778 2176 2817 ad
