2872 3268
279 204 370 238 xvl.
389 205 569 246 27—xvu.
587 202 657 246 αφ]
1119 196 1209 235 MA
1222 189 1434 236 TTHEU
1450 217 1458 227 ·
2229 211 2282 256 23

1818 315 1846 337 ¹⁹
1858 315 1974 355 Tunc
1994 324 2241 359 accesserunt
2303 327 2387 361 ποι.
2403 326 2465 360 45.

1818 377 1995 428 discipuli
2014 379 2063 418 ad
2083 380 2163 419 ihm
2180 401 2190 411 ·

1314 315 1392 353 iam
1410 314 1517 354 uenit
1534 337 1541 345 -
1577 322 1615 354 et
1634 327 1714 354 non

1315 384 1584 427 cognouerunt
1602 385 1693 416 eu*-

779 316 1026 355 obumbrauit
1045 328 1112 356 eos
1126 336 1135 347 ·

779 378 831 417 Et
850 391 943 417 ecee
957 391 1038 417 uox
1054 379 1103 418 de
1122 378 1226 417 nube

85 324 167 357 ποι.
183 324 245 355 44.
277 317 494 357 secundum
505 329 582 368 ope

275 392 319 418 ra
338 380 421 418 eius
438 401 447 410 ·
477 378 646 418 2⁸Amen
667 378 706 417 di
730 428 731 431 Ἴ

233 934 256 959 *
273 944 338 981 17.
355 939 428 979 ¹Et
446 946 535 991 post
553 939 635 980 dies
654 951 722 978 sex

233 998 256 1024 *

233 1060 254 1081 *

275 454 324 482 co
346 443 461 481 uobis
512 447 600 480 sunt
619 440 685 491 qui

276 505 370 543 dam
390 504 440 543 de
460 504 522 543 hic
543 503 660 543 stanti

274 568 348 606 bus
367 567 432 617 qui
451 578 533 605 non
555 578 629 617 gus

273 629 410 668 tabunt
428 635 591 668 mortem
606 649 615 659 ·

274 691 401 730 donec
420 691 577 730 uideant
595 691 622 729 fi

273 753 368 792 lium
391 753 558 792 hominis

272 816 492 855 uenientem
514 816 555 853 in
574 827 642 866 reg

274 891 328 917 no
347 890 420 917 suo
436 899 445 909 ·
468 899 477 908 ·
497 894 551 912 ψ

274 1002 463 1042 adsumsit
485 1002 544 1040 ihs

273 1071 428 1117 petrum
449 1071 487 1104 et
505 1065 591 1104 iaco

232 1123 254 1148 *
273 1128 368 1166 bum
386 1133 424 1166 et
442 1127 560 1167 iohan

232 1186 255 1211 *
274 1203 364 1229 nem
382 1189 538 1229 fratrem
555 1190 637 1228 eius
654 1211 662 1221 -

271 1252 322 1292 Et
341 1252 450 1292 duxit
467 1252 554 1291 illos
572 1253 612 1290 in

271 1322 446 1355 montem
462 1314 619 1354 excelsu

271 1389 447 1416 seorsum
463 1398 472 1408 ·
501 1376 516 1398 ²
527 1383 565 1416 et
582 1383 685 1415 trans

271 1440 457 1490 figuratus
476 1446 533 1478 est
551 1452 602 1478 an

272 1508 310 1541 te
329 1514 397 1543 eos
411 1522 420 1533 ·
459 1508 496 1540 et
519 1514 561 1540 re

275 1587 468 1639 splenduit
486 1589 605 1627 facies

274 1651 358 1689 eius
378 1651 475 1689 sicut
495 1651 552 1690 sol
568 1671 576 1680 ·

274 1712 518 1751 Uestimenta
538 1719 666 1752 autem

273 1775 355 1814 eius
370 1775 471 1815 facta
490 1782 580 1814 sunt

272 1837 360 1876 alba
380 1838 476 1877 sicut
493 1837 624 1876 lumen
639 1866 648 1876 .

272 1898 350 1938 ΒἘἴ
368 1912 461 1939 ecce
481 1906 743 1951 apparuerunt

272 1963 328 2002 eis
349 1974 506 2013 moyses
524 1969 563 2000 et
582 1962 631 2001 he

271 2025 340 2065 lias
359 2025 580 2075 conloquen

270 2094 328 2126 tes
348 2099 439 2126 curn
458 2099 507 2126 eo
519 2108 529 2117 ·

271 2150 287 2171 ⁴
299 2149 559 2200 Respondens
574 2155 691 2188 aute*
705 2171 713 2180 ·

271 2219 404 2262 petrus
423 2212 519 2250 dixit
537 2211 588 2250 ad

272 2274 353 2312 ihm
367 2295 376 2305 ·
419 2274 497 2312 dfie
516 2275 622 2313 bom-1

272 2342 331 2375 est
351 2349 423 2376 nos
442 2337 506 2375 hic
527 2349 614 2375 esse

274 2398 315 2453 Si
332 2399 390 2438 uis
412 2399 599 2438 faciamus
622 2399 684 2438 hic

271 2461 343 2499 tria
361 2461 611 2500 tabernacula
623 2482 632 2492 ·

271 2523 342 2562 tibi
360 2535 483 2561 unum
499 2544 508 2553 ·
548 2530 586 2562 et
604 2536 671 2563 mo

272 2585 330 2635 ysi
349 2597 472 2623 unum
488 2606 497 2615 ·
538 2591 575 2623 et
593 2593 704 2623 unu-

271 2646 394 2685 heliae
410 2667 419 2678 -
449 2647 463 2667 ⁵
473 2647 615 2686 Adhuc

273 2720 322 2747 eo
341 2708 523 2759 loquente
540 2729 549 2739 ·
595 2722 687 2749 ecce

273 2771 387 2810 nubis
406 2770 533 2810 lucida
550 2792 615 2801 ·-

779 441 913 480 dicens
926 462 935 472 ·
976 440 1056 480 Hic
1078 447 1137 479 est

777 502 877 541 filius
895 515 1006 542 meus
1027 503 1125 542 dilec

777 570 839 603 tus
852 585 862 595 ·
901 565 942 603 in
960 577 1040 615 quo
1062 564 1155 603 mihi

778 627 878 666 bene
902 627 1123 678 conplacuit
1139 648 1148 658 -

776 690 904 740 ipsum
928 689 1055 729 audite
1072 710 1081 720 ·

777 752 791 773 ⁶
806 751 856 790 Et
875 751 1074 791 audientes
1093 751 1190 791 disci

777 814 856 866 puli
875 814 1097 854 ceciderunt

775 877 816 915 in
835 876 974 916 faciem
997 884 1035 916 et
1053 878 1150 916 timu

776 946 888 979 erunt
906 940 1020 979 ualde
1036 961 1045 971 ·
1074 941 1088 962 ⁷
1100 940 1152 980 Et

778 1002 970 1042 accedens
989 1003 1048 1042 ihs
1067 1009 1105 1042 te

778 1066 862 1116 tigit
880 1078 949 1105 eos
969 1073 1006 1104 et
1026 1065 1120 1104 dixit
1136 1087 1145 1097 ·

778 1129 928 1179 Surgite
947 1136 985 1167 et
1003 1129 1120 1168 nolite

775 1193 908 1230 timere
924 1212 933 1221 ·
963 1191 976 1213 ⁸
988 1191 1123 1230 Leuan

775 1253 833 1285 tes
853 1253 981 1285 autem
1001 1246 1138 1285 oculos

775 1321 867 1348 suos
886 1309 1083 1348 neminem

773 1372 953 1410 uiderunt
971 1371 1045 1410 nisi

773 1434 855 1472 ihm
874 1434 1000 1472 solum
1017 1454 1026 1464 -

776 1497 790 1518 ⁹
802 1496 853 1535 Et
872 1495 1196 1535 descendentibus

775 1584 845 1622 illis
865 1583 913 1623 de
932 1590 1065 1622 monte
1085 1595 1152 1634 pre

777 1647 879 1697 cepit
897 1647 952 1685 eis
971 1646 1030 1684 ihs
1049 1646 1181 1685 dicens
1196 1667 1205 1677 ·

777 1709 923 1747 nemini
946 1709 1114 1747 dixeritis

776 1772 903 1809 uisum
918 1792 927 1802 ·
969 1771 1094 1811 donec
1111 1772 1137 1810 fi

777 1833 850 1872 lius
870 1834 1039 1873 hominis
1059 1847 1082 1873 a

777 1897 937 1935 mortuis
955 1893 1062 1935 resur

776 1965 843 2009 gat
858 1980 866 1990 ·
897 1959 925 1980 ¹⁰
939 1958 991 1997 Et
1009 1960 1151 1998 interro

775 2028 965 2072 gauerunt
982 2034 1072 2060 eum

777 2084 953 2135 discipuli
970 2085 1051 2123 eius
1070 2084 1109 2123 di

777 2154 910 2185 centes
923 2167 933 2177 ·
973 2146 1066 2197 quid
1086 2159 1126 2185 er

777 2221 830 2259 go
850 2209 998 2248 scribae
1017 2209 1150 2247 dicunt
1165 2230 1174 2239 -

777 2271 883 2323 quod
901 2271 1042 2310 heliam
1062 2278 1155 2321 op0r

775 2340 829 2373 tet
846 2334 977 2372 uenire
995 2333 1123 2384 primi-1
1139 2354 1147 2364 ·

775 2395 803 2417 ¹¹
816 2396 882 2434 lhs
901 2402 1032 2434 autem
1051 2408 1198 2446 respon

774 2459 872 2498 dens
891 2458 990 2497 dixit
1009 2458 1104 2496 illis·

774 2521 910 2560 Helias
929 2521 1087 2572 quidem
1106 2533 1182 2560 uen

775 2591 883 2623 turus
901 2590 959 2622 est
977 2583 1133 2633 primu-

778 2652 816 2685 et
829 2646 998 2684 restituet
1017 2657 1084 2684 orn

778 2709 842 2747 nia
855 2728 864 2738 ·
894 2707 924 2730 ¹²
935 2707 1025 2746 dico
1044 2714 1174 2746 autem

778 2770 914 2809 uobis·
958 2774 1053 2820 qum
1073 2769 1192 2810 helias

1316 438 1393 477 Sed
1412 439 1583 478 fecerunt
1601 440 1636 478 ei

1314 507 1459 551 quanta
1477 501 1681 540 uoluerunt
1697 522 1706 532 ·

1313 562 1342 586 ¹³
1355 563 1418 603 Sic
1438 570 1476 602 et
1495 563 1593 602 filius
1613 564 1720 603 homi

1313 626 1373 664 nis
1392 638 1572 676 passurus
1591 632 1648 665 est

1313 689 1364 727 ab
1382 689 1454 728 illis
1467 710 1477 719 ·
1517 689 1635 728 Tunc
1656 689 1697 727 in

1313 751 1543 790 tellexerunt
1562 751 1622 790 dis

1313 813 1428 864 cipuli
1448 814 1531 853 eius
1578 813 1684 864 quod

1314 876 1362 914 de
1381 876 1551 915 iohanne
1569 877 1647 927 bap

1313 939 1402 977 tista
1420 939 1514 977 dixit
1532 939 1604 976 illis
1617 959 1626 970 ·

1315 1004 1339 1042 †
1352 1001 1381 1022 ¹⁴
1393 1000 1444 1039 Et
1463 1013 1554 1039 cum
1573 1001 1770 1040 uenissent

1316 1064 1367 1102 ad
1387 1064 1539 1102 turbam
1556 1085 1565 1095 ·
1606 1063 1730 1104 Acees

1316 1127 1362 1164 sit
1382 1126 1432 1164 ad
1451 1138 1540 1164 eum
1561 1125 1682 1165 homo
1699 1147 1708 1157 ·

1314 1189 1477 1238 genibus
1495 1200 1621 1238 prouo

1313 1250 1414 1289 lutus
1434 1257 1522 1289 ante
1543 1263 1632 1289 eum

1316 1313 1451 1351 dicens
1467 1333 1476 1343 ·
1506 1312 1535 1333 ¹⁵
1547 1312 1637 1352 Dfie
1656 1313 1710 1351 mi

1314 1388 1438 1414 serere
1458 1375 1522 1415 filii
1540 1375 1616 1414 mei
1632 1396 1640 1406 ·

1313 1437 1402 1487 quia
1421 1437 1610 1476 lunaticus
1628 1445 1686 1477 est

1312 1507 1351 1539 et
1369 1500 1470 1538 male
1489 1500 1627 1551 patitur

1314 1587 1561 1638 Aliquotiens
1580 1588 1685 1626 enim

1313 1650 1416 1688 cadit
1428 1650 1468 1687 in
1480 1650 1611 1700 ignem
1625 1670 1633 1680 ·
1667 1657 1704 1690 et
1716 1650 1765 1689 ali

1313 1712 1492 1762 quotiens
1511 1712 1551 1750 in
1571 1724 1713 1762 aquam
1730 1733 1739 1743 ·

1819 446 1966 478 secreto
1986 446 2024 479 et
2047 441 2137 480 dixe

1818 509 1906 541 runt
1924 502 1959 541 ei
1976 523 1985 533 ·
2006 511 2009 514 ’
2028 515 2146 553 quare

1819 575 1892 602 nos
1915 576 1996 603 non
2018 566 2126 615 potui

1818 638 1906 664 mus
1925 627 2046 666 eicere
2065 628 2131 667 illi-1
2146 649 2155 658 ·

1818 686 1847 710 ²⁰
1860 688 1926 727 Ihs
1946 695 2071 728 autem
2093 690 2188 729 dixit
2206 691 2231 729 il

1819 751 1863 790 lis
1881 772 1890 781 ·
1936 759 2093 803 propter
2111 753 2151 791 in

1818 814 2084 854 credulitatem

1816 883 1986 916 uestram
2001 898 2011 908 ·
2049 878 2179 917 Amen

1818 939 1907 978 dico
1926 940 2038 979 uobis
2059 940 2089 978 si
2109 940 2159 979 ha

1817 1002 1974 1041 bueritis
1992 1002 2110 1041 fidem

1818 1063 1917 1103 sieut
1935 1077 2099 1115 granum
2119 1066 2150 1104 si

1818 1127 1930 1177 napis
1946 1147 1955 1158 ·
1997 1127 2131 1166 dicetis

1818 1189 1942 1227 monti
1961 1189 2050 1228 huic
2069 1196 2156 1229 tran

1818 1251 1849 1289 si
1868 1251 1957 1290 hinc
1976 1252 2065 1291 illuc
2081 1273 2091 1283 ·
2129 1259 2168 1292 et

1816 1314 1992 1353 transibit
2007 1335 2016 1345 ·
2059 1322 2098 1354 et
2119 1316 2159 1353 ni

1815 1375 1870 1414 hil
1897 1376 2123 1427 inpossibile

1817 1438 1887 1477 erit
1904 1438 2017 1477 uobis
2029 1459 2039 1470 ·
2068 1438 2096 1461 ²¹
2110 1439 2201 1479 Hoc

1815 1507 1943 1539 autem
1962 1513 2085 1551 genus

1816 1600 1896 1627 non
1917 1588 2037 1627 ecitur
2052 1609 2061 1620 -
2105 1589 2177 1629 nisi

1817 1651 2054 1690 orationibus
2074 1658 2112 1690 et
2136 1652 2170 1690 ie

1815 1712 1928 1751 iuniis
1942 1734 1951 1743 ·
1966 1733 1974 1743 ·
1998 1733 2007 1743 ·
2028 1730 2082 1747 ψ

1313 1775 1341 1796 ¹⁶
1352 1774 1402 1813 Et
1417 1775 1539 1825 optuli
1556 1786 1647 1813 eum
1668 1775 1762 1814 disci
1783 1772 1802 1794 *
1816 1772 1844 1796 ²²
1856 1774 2186 1814 Conuersantibus

1315 1837 1414 1887 pulis
1432 1837 1508 1876 tuis
1547 1844 1586 1876 et
1604 1849 1684 1877 non

1315 1905 1515 1950 potuerunt
1532 1899 1656 1938 eicere

1315 1973 1426 2000 eum·
1455 1960 1484 1983 ¹⁷
1498 1961 1662 2011 Respon

1315 2023 1412 2062 dens
1431 2029 1536 2062 autm
1554 2023 1613 2061 ihs

1316 2086 1409 2124 dixit
1422 2106 1431 2116 ·
1460 2099 1486 2125 o
1502 2106 1510 2116 ·
1540 2098 1683 2135 genera

1314 2149 1367 2187 tio
1387 2148 1619 2187 incredibilis
1633 2165 1641 2174 ·

1314 2218 1352 2249 et
1371 2223 1551 2261 peruersa
1568 2231 1577 2241 ·
1618 2223 1697 2261 quo

1313 2284 1435 2323 usque
1454 2285 1522 2311 ero
1541 2273 1653 2312 uobis

1314 2347 1405 2374 cum
1418 2355 1427 2365 ·
1466 2347 1589 2386 usque
1612 2346 1691 2385 quo

1315 2398 1438 2449 patiar
1451 2409 1525 2436 uos
1542 2418 1551 2428 ·
1592 2397 1650 2435 Af

1315 2460 1407 2499 ferte
1427 2460 1522 2498 mihi
1540 2460 1646 2499 illum

1316 2523 1392 2561 huc
1406 2543 1415 2552 ·
1445 2521 1473 2543 ²⁸
1484 2528 1522 2560 et
1541 2522 1700 2572 increpa

1315 2585 1370 2624 uit
1388 2597 1479 2623 eum
1502 2584 1560 2622 ihs
1578 2605 1586 2614 -
1627 2591 1665 2623 et
1684 2585 1746 2623 exi

1315 2648 1344 2685 it
1363 2648 1413 2685 ab
1431 2659 1480 2685 eo
1503 2647 1751 2686 daemonia*-

1315 2716 1353 2748 et
1373 2715 1526 2747 curatus
1545 2715 1603 2747 est
1622 2721 1676 2759 pu

1316 2783 1357 2809 er
1375 2783 1425 2810 ex
1443 2770 1505 2809 illa
1524 2770 1620 2810 hora
1636 2778 1677 2825 ζ

1784 1834 1804 1855 *
1821 1842 1950 1875 autem
1967 1836 2059 1888 ipsis
2082 1837 2123 1875 in

1785 1897 1805 1919 *
1819 1899 1997 1949 galileam
2011 1920 2020 1930 ·
2064 1900 2159 1939 dixit

1786 1959 1805 1980 *
1819 1961 1890 1999 illis
1908 1961 1968 2001 ihs
1984 1982 1992 1992 ·
2035 1961 2121 2000 futu

1786 2022 1805 2043 *
1818 2036 1904 2062 rum
1923 2030 1980 2062 est
1998 2030 2040 2062 ut
2059 2024 2110 2062 fili

1786 2084 1805 2106 *
1818 2098 1865 2124 us
1884 2085 2052 2124 hominis
2065 2092 2124 2125 tra

1783 2147 1803 2168 *
1818 2147 1928 2187 datur
1946 2148 1987 2185 in
2005 2159 2146 2187 manus

1817 2209 2022 2248 hominum
2073 2210 2149 2249 ²⁸et
2168 2222 2217 2249 oc

1818 2272 1948 2311 cident
1966 2284 2056 2310 eum
2106 2279 2144 2311 et

1817 2341 1905 2385 post
1923 2335 2074 2373 tertium
2093 2334 2131 2373 di

1817 2409 1882 2436 em
1903 2404 2093 2447 resurget·

1817 2466 1854 2498 et
1873 2460 2083 2499 contristati
2101 2466 2191 2499 sunt

1817 2522 2064 2560 uehementer
2079 2543 2088 2552 ·

1818 2582 1847 2605 ²⁴
1861 2584 1962 2623 Cum
1981 2584 2149 2623 uenisset
2168 2596 2217 2623 au

1819 2653 1898 2685 tem
1917 2647 1958 2684 in
1978 2659 2148 2696 caperna

1819 2721 1886 2747 um
1907 2729 1915 2740 ·
1982 2710 2152 2748 Accesse

1818 2778 1907 2811 runt
1925 2771 1991 2822 qui
2011 2771 2146 2822 didrag
