2872 3268
1311 884 1691 935 MONITUM.

706 1045 883 1089 Codicis
916 1058 1125 1088 numerus
1162 1050 1230 1088 est
1266 1043 1367 1087 Lat.
1402 1044 1519 1094 6224
1554 1041 1861 1085 Bibliothecae
1898 1042 2069 1097 Regiae
2110 1042 2402 1085 MonacensiS.

589 1115 693 1159 Fuit
715 1115 824 1158 olim
842 1115 1137 1170 Frisingensis
1160 1126 1217 1166 24
1237 1114 1353 1156 inter
1366 1112 1558 1155 ‘Cimelia
1579 1112 1621 1154 ii.
1643 1124 1706 1167 13.
1721 1111 1780 1154 A.
1795 1111 2135 1154 Tischendorfio
2158 1113 2404 1166 ceterisque

587 1185 710 1228 Noui
731 1185 1011 1228 Testamenti
1032 1183 1191 1227 criticis
1218 1183 1365 1226 littera
1385 1197 1413 1237 q
1432 1182 1667 1238 insignitus
1688 1187 1780 1224 est:
1811 1181 1955 1223 ultimi
1976 1179 2069 1223 folii
2092 1187 2285 1235 ectypon
2306 1187 2404 1224 arte

587 1254 913 1310 lithographica
943 1253 1254 1309 reproductum
1285 1254 1331 1294 in
1363 1251 1577 1295 Silvestrii
1608 1251 1818 1306 operibus
1851 1250 2104 1303 Quatrz'e‘me
2128 1251 2299 1303 Partz'e,
2329 1264 2401 1293 no.

593 1324 672 1377 158
714 1324 939 1380 reperitur.
1001 1322 1127 1366 Ordo
1169 1321 1517 1377 Euangeliorum
1558 1327 1626 1364 est
1668 1319 1921 1372 Mathaeus,
1957 1319 2197 1374 Johannes,
2239 1319 2402 1372 Lucas,

588 1394 795 1436 Marcus:
842 1393 1002 1435 Codex
1034 1391 1212 1434 saeculo
1252 1397 1354 1447 post
1391 1390 1617 1434 Christum
1652 1390 1844 1445 septimo
1885 1389 2151 1432 attribuitur.
2211 1388 2400 1431 Litteris

587 1462 969 1506 semi-uncialibus
1010 1467 1221 1504 exaratus
1263 1467 1342 1513 est,
1376 1461 1516 1515 iisque
1555 1459 1680 1502 lineis
1722 1459 1882 1514 quibus
1924 1458 2159 1500 asteriscos
2199 1457 2400 1512 praefixi,

587 1533 718 1576 uariis
748 1531 970 1575 coloribus
1000 1531 1191 1574 ornatis:
1223 1544 1395 1573 necnon
1426 1531 1509 1572 sub
1540 1529 1666 1584 signo
1686 1545 1753 1579 ω,
1779 1528 1993 1583 imagines
2024 1527 2097 1569 uel
2128 1527 2174 1568 in
2203 1527 2403 1581 margine

586 1601 658 1645 uel
698 1602 743 1644 in
785 1602 884 1643 imis
923 1601 1097 1656 paginis
1133 1600 1333 1655 depictas
1375 1599 1591 1649 indicaui;
1637 1598 1774 1640 uerba
1810 1597 1883 1639 uel
1916 1597 2092 1640 litterae
2125 1609 2241 1651 quae
2276 1596 2401 1639 uncis

586 1671 871 1715 includuntur
891 1684 949 1712 ex
973 1669 1140 1712 Codice
1160 1669 1398 1724 perierunt.

702 1741 865 1782 Manus
891 1739 1061 1795 primae
1086 1738 1348 1793 scripturam
1375 1750 1475 1780 cum
1501 1736 1676 1791 punctis
1707 1741 1751 1779 et
1776 1734 1978 1791 spatiolis
2005 1734 2195 1778 fideliter
2223 1741 2402 1778 secutus

589 1823 700 1861 sum,
722 1810 1105 1863 correctionesque
1126 1807 1312 1850 aliarum
1340 1820 1552 1849 manuum
1577 1806 1621 1847 in
1650 1806 1815 1848 notulis
1842 1805 2055 1856 recensui,
2077 1804 2161 1846 nisi
2183 1805 2303 1858 quod
2325 1818 2400 1846 eas

585 1877 755 1922 litteras
776 1892 887 1933 quas
909 1892 934 1920 a
957 1891 1091 1920 manu
1112 1879 1255 1935 prima
1276 1877 1464 1920 omissas
1485 1875 1710 1931 suppleuit
1731 1875 1888 1917 eadem
1909 1887 2079 1926 manUS‚
2098 1873 2401 1927 lectionesque

586 1947 903 1991 ecclesiasticas
934 1958 961 1988 a
994 1959 1127 1989 manu
1159 1946 1352 1989 secunda
1383 1945 1569 2000 scriptas
1603 1945 1648 1986 in
1681 1944 1839 1986 eodem
1867 1943 1966 1985 loco
1993 1956 2127 1998 quem
2156 1942 2200 1983 in
2233 1941 2400 1984 Codice

583 2016 762 2068 habent,
784 2016 905 2071 typis
933 2016 1157 2058 commisi:
1190 2029 1306 2070 quae
1329 2014 1438 2057 folia
1468 2028 1527 2056 ex
1562 2013 1726 2056 Codice
1755 2013 2016 2055 exciderunt
2044 2011 2193 2054 uacuis
2225 2011 2399 2070 paginis

585 2086 794 2140 expressi,
815 2085 1106 2140 foliorumque
1133 2085 1539 2127 adnumerationem
1561 2089 1611 2125 ut
1642 2097 1757 2126 nunc
1785 2088 1947 2132 exstat,
1971 2081 2174 2136 quamuis
2204 2081 2397 2136 priscum

584 2155 788 2197 foliorum
822 2156 1026 2197 ordinem
1060 2155 1243 2209 restitui,
1275 2153 1464 2198 fideliter
1496 2153 1690 2195 reddidi:
1733 2153 1790 2195 de
1821 2152 1981 2207 quibus
2016 2149 2144 2206 plura
2177 2150 2222 2192 in
2253 2150 2398 2205 prole-

584 2224 786 2278 gomenis
808 2223 995 2266 uidebis.
