2872 3268
335 331 415 363 1¹01.
428 331 511 363 203.

541 228 598 266 42

542 329 648 368 '‘Hic
667 329 775 367 uenit
794 328 834 367 in
853 328 940 367 testi

542 392 719 431 monium
737 390 776 429 ut
795 391 880 429 testi

541 454 718 493 monium
738 451 890 504 perhibe

541 524 600 556 ret
619 517 667 555 de
685 516 829 554 lumine
846 532 854 541 ·

541 586 583 618 ut
601 591 738 619 omnes
758 577 871 616 crede

540 648 626 680 rent
645 653 713 691 per
732 640 839 678 illum
855 659 864 668 ·

540 703 554 724 ⁸
568 702 661 741 Non
681 708 759 741 erat
774 702 836 740 ille
853 702 981 740 lumen
995 722 1003 732 ·

539 765 609 803 sed
628 770 669 802 ut
687 764 883 803 testimoni

538 838 605 864 um
625 826 768 864 diceret
788 826 836 864 de
856 826 895 864 lu

537 889 642 926 mine
657 908 665 918 ·
708 888 723 909 ⁹
736 887 832 926 Erat
852 888 891 926 lu

537 962 630 988 men
649 962 782 988 uerum

537 1012 645 1062 quod
665 1012 868 1051 inluminat

537 1087 696 1113 omnem
716 1075 911 1114 homine-

535 1137 757 1176 uenientem
776 1138 816 1176 in
835 1138 934 1176 hunc

535 1199 726 1237 mundum
741 1221 749 1230 ·
793 1199 823 1221 ²⁰
835 1201 883 1238 In
903 1202 971 1241 h00

535 1262 684 1300 mundo
705 1269 786 1301 erat
841 1270 879 1302 et

535 1324 704 1363 mundus
723 1337 792 1375 per
810 1338 901 1364 eum

534 1386 657 1425 factus
676 1394 734 1425 est
750 1405 757 1414 ·
802 1394 840 1426 et
858 1401 953 1427 mun

535 1449 607 1487 dus
627 1461 717 1488 eum
736 1462 817 1489 non
837 1463 915 1501 cog

532 1512 643 1551 nouit
658 1533 667 1542 ·
710 1511 739 1533 ¹¹
752 1513 801 1551 In
820 1526 889 1553 sua
908 1527 957 1553 ue

533 1666 591 1704 nit
641 1673 679 1705 et
698 1667 755 1705 sui
775 1679 864 1706 eum

533 1740 615 1766 non
634 1730 855 1779 reciperunt
871 1748 878 1756 ·

532 1789 561 1811 ¹²
573 1790 652 1838 Qui
672 1799 803 1830 autem
822 1785 953 1843 recipe

531 1861 620 1892 runt
639 1865 729 1892 eum
773 1854 878 1893 dedit

531 1915 604 1954 illis
623 1923 857 1966 potestatem

530 1978 630 2017 filios
651 1978 688 2016 di
709 1979 789 2017 fieri
805 2000 814 2009 ·

530 2040 607 2079 His
627 2042 693 2091 qui
712 2042 872 2081 credunt

530 2103 570 2140 in
590 2104 749 2142 nomine
768 2105 849 2143 eius
866 2126 875 2135 ·

529 2164 558 2186 ¹³
571 2165 651 2213 Qui
670 2179 752 2204 non
773 2179 822 2205 ex
842 2168 979 2217 sangui

530 2240 582 2267 ne
596 2249 605 2258 -
649 2240 775 2279 neque
794 2242 842 2268 ex
861 2242 914 2268 uo

527 2290 671 2329 luntate
692 2292 819 2330 carnis
836 2313 844 2322 ·

527 2365 655 2403 neque
675 2366 723 2392 ex
743 2354 903 2393 uolunta

528 2421 566 2453 te
585 2416 657 2453 uiri
674 2437 683 2446 ·
714 2417 783 2455 sed
802 2429 851 2455 ex
871 2416 922 2455 df>

529 2478 610 2515 nati
630 2485 718 2516 sunt
732 2499 740 2508 ·
784 2477 813 2499 ¹⁴¹
825 2485 863 2517 et
881 2491 950 2518 uer

527 2539 622 2577 bum
642 2553 733 2579 caro
752 2540 889 2579 factu-

528 2608 587 2640 est
606 2609 644 2640 et
662 2602 849 2641 habitabit

529 2663 570 2701 in
590 2664 703 2702 nobis
751 2672 787 2703 et
806 2665 887 2703 uidi

531 2737 618 2762 mus
638 2726 798 2774 gloriam
817 2728 899 2766 eius
915 2750 923 2758 ·

531 2787 705 2826 Gloriam
725 2795 924 2839 tamquam

530 2849 635 2888 unici
654 2861 677 2887 a
695 2857 803 2901 patre

1451 211 1611 254 SECD
1627 233 1636 243 ·

1042 326 1202 377 plenum
1220 326 1366 377 gratiae

1043 395 1080 427 et
1088 389 1257 428 ueritatis
1271 410 1279 419 ·
1300 388 1360 430 †¹⁵
1371 388 1492 427 iohan

1042 463 1113 489 nes
1138 451 1399 489 testimonium

1041 513 1134 551 dicit
1155 513 1202 551 de
1222 513 1289 552 illo
1337 519 1375 550 et
1396 512 1457 552 cla

1041 581 1121 613 mat
1141 575 1274 614 dicens
1290 596 1299 605 ·
1338 574 1401 614 hic

1041 644 1099 676 est
1118 650 1235 688 quem
1255 637 1360 676 dixi·
1401 638 1468 688 qui

1040 707 1131 752 post
1150 713 1213 739 me
1232 701 1339 739 uenit
1357 713 1409 739 an

1040 769 1078 801 te
1098 775 1161 802 me
1182 763 1304 802 factus
1323 770 1381 802 est
1397 784 1406 794 ·
1455 789 1458 793 -

1040 825 1143 873 Quia
1163 827 1266 876 prior
1284 839 1348 865 me
1367 827 1437 865 fuit
1451 845 1459 853 ·

1038 888 1066 910 ¹⁶
1078 894 1174 940 qum
1193 889 1242 928 de
1261 890 1448 940 plenitudi

1038 964 1088 990 ne
1108 952 1189 991 eius
1210 964 1282 991 nos
1300 964 1439 991 omnes

1037 1015 1261 1065 accepimus
1310 1021 1348 1054 et
1367 1028 1437 1066 gra

1036 1077 1131 1116 tiam
1151 1090 1223 1127 pro
1241 1078 1366 1127 gratia
1380 1099 1388 1108 ·

1037 1139 1168 1190 ¹⁷qt'1m
1181 1140 1243 1178 lex
1250 1153 1319 1191 per
1330 1152 1495 1191 moysen

1036 1202 1126 1241 data
1145 1209 1203 1241 est
1219 1223 1227 1232 -
1273 1202 1410 1242 Gratia

1036 1272 1165 1303 autem
1185 1271 1222 1303 et
1239 1265 1382 1304 ueritas

1034 1340 1105 1378 per
1116 1326 1196 1364 ihm
1209 1331 1304 1377 xpm
1318 1326 1396 1366 fata
1409 1335 1499 1367 est·-

1036 1391 1063 1412 ¹⁸
1076 1388 1155 1427 Dm
1175 1401 1292 1428 nemo
1310 1390 1406 1428 uidit
1421 1401 1488 1428 um

1036 1465 1177 1503 quam·
1220 1452 1441 1504 unigenitus

1036 1515 1136 1554 filius
1155 1514 1195 1554 di
1214 1515 1280 1566 qui
1298 1522 1356 1554 est

1036 1670 1076 1707 in
1097 1670 1184 1708 sinu
1203 1669 1322 1719 patris
1343 1669 1426 1720 ipse

1035 1732 1248 1772 enarrauit·
1293 1731 1367 1770 ¹⁹et
1386 1731 1461 1771 hoc

1034 1799 1093 1832 est
1110 1793 1375 1832 testimonium

1034 1856 1214 1894 iohannis
1230 1876 1239 1886 ·
1279 1856 1380 1895 Cum

1033 1919 1230 1957 misissent
1251 1918 1352 1957 iudei

1033 1993 1082 2018 ex
1102 1980 1331 2019 hierusalem
1352 1993 1395 2019 sa

1034 2043 1210 2081 cerdotes
1230 2050 1268 2081 et
1287 2043 1363 2081 leui

1032 2111 1090 2143 tas
1111 2105 1160 2144 ad
1179 2117 1269 2145 eum
1314 2112 1356 2144 ut
1375 2105 1415 2143 in

1031 2174 1271 2217 terrogarent
1290 2175 1374 2206 eu-

1031 2237 1072 2268 tu
1091 2229 1177 2279 quis
1196 2242 1238 2268 es
1256 2251 1264 2260 ·
1294 2228 1324 2250 ²⁰
1335 2229 1386 2268 Et
1405 2242 1482 2268 con

1031 2291 1154 2330 fessus
1174 2299 1232 2330 est
1250 2299 1288 2330 et
1307 2304 1389 2330 non

1031 2354 1189 2404 negauit
1205 2375 1213 2384 ·
1257 2353 1308 2392 Et
1327 2366 1404 2392 con

1029 2415 1153 2455 fessus
1173 2422 1232 2454 est
1251 2416 1430 2466 quonia-

1030 2490 1107 2527 ego
1127 2490 1209 2516 non
1228 2490 1314 2516 sum
1333 2481 1408 2527 xps
1422 2498 1430 2508 ·

1029 2538 1057 2561 ²¹
1068 2540 1120 2578 Et
1141 2540 1471 2590 interrogauerunt

1029 2615 1119 2641 eum
1175 2602 1268 2653 quid
1286 2614 1381 2651 ergo
1396 2622 1404 2631 ·

1029 2665 1130 2704 helia
1149 2676 1191 2703 es
1211 2672 1252 2704 tu
1307 2670 1345 2703 et
1365 2664 1461 2703 dixit

1029 2740 1111 2766 non
1132 2739 1217 2766 sum
1233 2748 1242 2757 ·
1285 2727 1396 2778 profe

1030 2796 1069 2828 ta
1089 2802 1131 2827 es
1150 2796 1191 2828 tu
1246 2795 1283 2827 et
1302 2801 1446 2839 respon

1032 2852 1087 2890 dit
1106 2864 1187 2890 non
1200 2872 1209 2882 ·
1249 2850 1278 2905 ²?
1290 2852 1469 2891 dixerunt

1579 339 1674 377 ergo
1694 327 1730 366 ei
1787 327 1869 378 quis
1887 339 1950 366 es·

1577 395 1619 427 ut
1638 401 1871 440 responsum

1580 452 1718 491 demus
1736 451 1797 489 his
1816 448 1883 502 qui

1579 526 1653 553 nos
1673 515 1861 553 miserunt
1874 535 1884 544 ·

1579 577 1674 628 quid
1693 575 1789 615 dicis
1808 576 1856 615 de
1874 582 1913 615 te

1579 639 1666 690 ipso
1683 657 1691 665 ·
1731 637 1760 660 ²⁸
1772 639 1826 677 ait
1843 650 1919 688 ego

1577 713 1658 741 uox
1678 701 1882 740 clamantis

1578 765 1619 802 in
1638 765 1791 803 deserto
1849 775 1945 814 para

1577 834 1616 866 te
1634 827 1738 864 uiam
1758 826 1825 865 dfii
1842 846 1851 856 ·
1892 825 1925 864 si

1576 896 1640 928 cut
1660 889 1755 928 dixit
1774 889 1899 927 esaias

1575 951 1726 1003 profeta
1741 973 1750 982 ·
1792 950 1821 972 ²⁴
1833 951 1883 989 Et
1902 950 1969 1002 qui

1576 1015 1684 1053 missi
1703 1020 1812 1053 erant
1830 1027 1879 1052 ex

1575 1077 1763 1128 phariseis
1778 1097 1787 1107 ·
1837 1075 1866 1098 ²⁵
1880 1077 1928 1114 In

1576 1145 1869 1189 terrogauerunt

1577 1214 1667 1240 eum
1687 1202 1859 1241 dicentes
1873 1222 1882 1231 ·

1578 1265 1684 1313 Quid
1703 1277 1796 1314 ergo
1815 1271 1857 1303 tu
1874 1265 1952 1315 bap

1576 1328 1671 1367 tizas
1726 1327 1758 1366 si
1777 1333 1819 1365 tu
1837 1339 1918 1365 non

1575 1403 1618 1429 es
1638 1393 1712 1440 xps
1726 1410 1735 1420 ·
1764 1401 1914 1439 nequae

1571 1453 1692 1491 helias
1704 1473 1713 1482 ·
1756 1463 1907 1502 nequae

1572 1513 1721 1566 profeta
1736 1534 1745 1543 ·

1571 1668 1600 1691 ²⁶
1613 1668 1833 1720 Respondit
1853 1667 1927 1706 illis

1573 1731 1763 1771 iohannes
1783 1730 1919 1770 dicens
1934 1751 1943 1761 ·

1571 1794 1660 1845 Ego
1680 1794 1838 1845 quidem
1856 1793 2012 1843 baptizo

1570 1869 1644 1896 uos
1663 1857 1703 1894 in
1723 1868 1824 1907 aqua
1842 1856 1883 1893 in
1902 1855 1995 1906 ‘peni

1571 1919 1691 1959 tentia
1707 1940 1716 1950 ·
1757 1919 1797 1956 in
1817 1918 1947 1957 medio

1571 1989 1701 2021 autem
1719 1988 1890 2020 uestrum

1571 2051 1645 2083 stat
1691 2056 1809 2094 quem
1827 2054 1901 2082 uos

1570 2106 1748 2145 nescitis·
1788 2104 1817 2126 ²⁷
1830 2104 1920 2155 Ipse
1940 2111 1998 2144 est

1569 2169 1635 2219 qui
1655 2175 1743 2219 post
1762 2180 1826 2206 me
1843 2168 1950 2206 uenit
1963 2188 1972 2198 ·

1569 2231 1635 2281 qui
1655 2237 1743 2269 ante
1762 2242 1825 2268 me
1845 2229 1968 2268 factus

1567 2299 1625 2331 est
1639 2314 1647 2323 ·
1689 2292 1809 2331 Cuius
1829 2304 1911 2330 non
1931 2294 1987 2330 ssi

1568 2355 1707 2404 dignus
1728 2354 1877 2393 soluere

1567 2417 1732 2466 corrigia
1751 2416 1966 2456 calciamen

1565 2485 1694 2517 torum
1712 2479 1794 2517 eius
1807 2499 1816 2509 ·
1834 2501 1842 2510 ·
1857 2501 1912 2507 —-

2381 220 2423 263 [1.
2442 221 2548 264 7-36.

2079 325 2130 366 ad
2151 339 2192 366 se
2213 333 2250 366 et
2270 327 2368 366 dixit
2386 348 2395 358 ·

2079 387 2185 428 Ecce
2200 401 2324 439 agnus
2339 390 2379 428 di
2393 390 2463 440 qui¹
2474 389 2529 429 tol

2078 451 2120 490 lit
2139 458 2319 502 pecctum
2338 453 2478 492 mundi
2491 474 2500 484 ·

2080 514 2110 535 ³⁰
2122 513 2201 553 Hic
2221 521 2279 553 est
2298 514 2346 553 de
2366 527 2445 565 quo
2466 515 2546 554 dixi

2080 582 2170 627 post
2189 589 2252 615 me
2270 577 2378 616 uenit
2397 578 2456 616 uir

2080 639 2147 688 qui
2166 645 2254 678 ante
2269 651 2332 677 me
2352 639 2474 678 factus

2080 707 2139 739 est
2194 701 2285 752 quia
2304 702 2409 751 prior
2426 714 2491 741 me

2078 762 2149 801 fuit
2165 783 2173 793 ·
2218 763 2244 784 ³¹
2257 770 2295 802 et
2313 775 2388 814 ego
2407 765 2516 804 nesci

2078 826 2194 864 ebam
2212 825 2321 864 illum
2333 847 2342 856 ·
2387 826 2465 865 Sed

2077 895 2118 926 ut
2137 887 2442 927 manifestaretur

2078 951 2118 988 in
2138 951 2185 989 isi
2200 972 2209 981 ·
2251 951 2348 990 Ideo
2366 952 2457 990 ueni

2077 1025 2153 1063 ego
2174 1013 2214 1051 in
2233 1025 2334 1064 aqua
2351 1014 2478 1053 batiza

2076 1087 2117 1114 re
2130 1096 2139 1105 ·
2180 1074 2210 1096 ⁸²
2222 1097 2231 1106 ·
2244 1075 2296 1114 Et
2315 1082 2474 1116 testatus

2077 1144 2135 1177 est
2154 1138 2343 1177 iohannes
2363 1139 2498 1178 dicens
2514 1160 2524 1170 ·

2077 1204 2172 1251 qflm
2190 1200 2269 1239 uidi
2290 1203 2377 1250 spm
2401 1201 2471 1240 des

2077 1262 2311 1302 cendentem
2330 1264 2441 1314 quasi
2459 1275 2508 1303 co

2078 1325 2250 1363 lumbam
2269 1325 2318 1363 de
2338 1325 2423 1364 celo
2435 1346 2445 1356 ·

2077 1394 2116 1425 et
2134 1393 2358 1425 manentem
2378 1400 2494 1438 supra

2076 1449 2206 1499 ipsum
2221 1470 2230 1479 ·
2259 1449 2288 1470 ³³
2300 1456 2338 1488 et
2357 1462 2433 1500 ego
2453 1450 2547 1500 igno

2075 1519 2234 1552 lectiones
2248 1529 2311 1561 que
2325 1519 2466 1552 debeant
2481 1520 2549 1562 legi

2076 1573 2136 1605 per
2157 1563 2202 1594 vii
2226 1563 2422 1596 domenecas
2445 1563 2546 1597 lectio

2075 1607 2184 1648 prima
2201 1606 2379 1640 domeneca

2075 1668 2210 1706 rabam
2229 1668 2336 1706 illurn
2352 1689 2360 1699 ·
2415 1668 2492 1708 Sed

2074 1730 2134 1769 his
2153 1731 2220 1780 qui
2238 1743 2302 1769 me
2320 1731 2425 1770 misit

2074 1794 2271 1843 baptizare
2290 1795 2331 1832 in
2351 1806 2453 1844 aqua

2073 1855 2135 1894 ille
2155 1856 2249 1894 mihi
2273 1856 2389 1894 dixit·
2433 1856 2488 1896 Su

2074 1929 2144 1968 per
2163 1929 2280 1968 quem
2300 1918 2443 1958 uideris

2073 1983 2160 2029 spm
2181 1980 2478 2019 descendente-

2073 2048 2110 2080 et
2129 2048 2354 2081 manentem
2373 2043 2414 2081 in
2437 2051 2518 2082 eu—

2071 2104 2155 2154 ipse
2175 2111 2234 2143 est
2253 2105 2318 2155 qui
2337 2106 2444 2156 bapti

2071 2173 2133 2205 zat
2152 2167 2192 2205 in
2211 2169 2284 2217 spu
2303 2172 2372 2206 seo
2385 2189 2394 2198 ·
2438 2168 2468 2190 ³⁴
2478 2168 2530 2207 Et

2071 2241 2147 2279 ego
2165 2230 2246 2268 uidi
2264 2236 2302 2268 et
2320 2230 2408 2268 testi

2070 2292 2247 2330 monium
2266 2292 2444 2343 perhibui

2069 2357 2164 2403 qum
2186 2353 2247 2392 hie
2268 2360 2326 2393 est
2345 2355 2429 2405 ipse

2069 2415 2169 2454 filius
2189 2415 2229 2454 di
2245 2437 2254 2446 ·
2271 2433 2326 2452 ω

2051 2477 2101 2498 *³⁵
2114 2477 2272 2516 Postera
2291 2484 2420 2517 autem
2439 2478 2503 2518 die

1564 2540 1706 2580 ²³²³Haec
1720 2542 1760 2579 in
1771 2541 1956 2581 bethania
1970 2541 2031 2580 fac
2050 2538 2207 2578 *iterum
2227 2541 2352 2579 stabat

1565 2610 1605 2642 ta
1625 2610 1713 2643 sunt
1731 2610 1835 2642 trans
1855 2604 1913 2642 ior

1566 2667 1695 2705 danen
1740 2666 1807 2704 ubi
1825 2673 1906 2704 erat

1565 2728 1753 2767 iohannes
1772 2728 1974 2778 baptizans

1562 2789 1592 2812 ‘⁶²⁹
1605 2791 1765 2830 Postera
1784 2797 1912 2829 autem
1932 2790 1995 2829 die

1563 2853 1660 2892 uidit
1678 2853 1759 2892 ihm
1777 2847 2000 2893 ueniente*-

2048 2600 2259 2640 *iohannes
2274 2623 2283 2632 ·
2325 2609 2364 2641 et
2382 2615 2431 2642 ex

2049 2663 2268 2715 *discipulis
2287 2665 2368 2705 eius
2388 2665 2466 2705 duo

2066 2727 2095 2748 ³⁶
2108 2734 2145 2765 et
2164 2727 2317 2766 intuens
2336 2728 2417 2766 ihm

2067 2790 2330 2828 ambulantem
2346 2811 2356 2820 ·
2397 2790 2494 2830 dixit

2066 2864 2159 2892 ecce
2178 2864 2303 2903 agnus
2321 2852 2360 2891 di

2580 327 2664 365 nol,
2676 327 2761 360 204.
