2872 3268
1005 250 1307 289 EDITORIS
1340 250 1425 290 No
1432 249 1582 288 TULA
1592 250 1644 290 E.
2147 261 2162 288 1
2171 260 2228 304 49

427 366 458 401 F
460 366 507 401 ol.
533 364 604 401 248
629 365 665 400 b.
706 364 755 400 In
786 365 907 410 capite
929 365 1101 411 paginae
1128 364 1282 410 scripsit
1308 374 1357 398 m.
1386 372 1406 398 2
1440 362 1547 399 lectio
1574 362 1613 398 in
1642 362 1848 398 domeneca
1877 361 1915 398 in
1945 362 2067 409 prima
2098 374 2228 409 pasca.

522 430 578 466 39.
603 420 774 456 auferens
791 431 839 455 m.
850 422 905 466 p.,
923 420 1095 456 adferens
1113 431 1161 455 m.
1180 430 1213 455 2.
1262 419 1389 465 ponda
1407 429 1455 453 m.
1465 421 1519 464 μ,
1537 418 1661 464 pondo
1678 429 1727 453 m.
1746 428 1778 453 2.

428 484 506 521 Fol.
525 484 596 520 249
612 485 649 520 b.
683 484 740 520 20.
758 484 791 519 8.
816 490 1077 519 mnumentum
1102 494 1151 519 m.
1159 485 1215 529 p.,
1233 494 1256 518 0
1271 485 1453 528 superscr.
1470 493 1565 518 corr.
1583 493 1632 517 m.
1642 483 1685 527 p.
1748 491 1801 517 12.
1827 482 2000 518 sedentes
2025 483 2068 518 in
2089 494 2230 518 rasura

523 540 706 585 scriptum
722 543 779 574 est
793 550 817 574 a
835 550 884 575 m.
894 541 936 585 p.
963 552 967 555 ·

430 603 508 638 Fol.
535 603 616 639 250.
653 611 706 647 17.
731 614 754 639 o
778 603 822 638 iri
846 602 1011 638 ascendo
1034 603 1077 638 in
1102 613 1243 637 rasura
1265 602 1410 648 scripta
1433 605 1489 636 est
1511 613 1535 636 a
1560 611 1608 636 m.
1619 602 1662 647 p.
1711 601 1762 636 In
1785 601 1907 647 capite
1922 602 2095 648 paginae
2118 604 2233 648 super

522 658 695 694 dextram
719 658 932 694 columnam
957 659 1111 704 scripsit
1133 669 1181 693 m.
1210 669 1226 691 2
1262 657 1371 693 lectio
1389 657 1426 692 in
1443 657 1554 703 plena
1573 655 1618 702 (Ξ)
1649 667 1764 702 pasca
1790 656 1875 692 diae
1900 657 2171 693 dominicarum
2189 663 2234 694 ut

525 714 624 749 milti
649 714 831 756 uidetur,·
853 714 921 748 sed
939 715 1131 759 scriptura
1156 713 1320 759 dzffi‘cilzs
1345 712 1441 748 lectu
1465 716 1544 748 est:
1568 712 1694 747 eadem
1721 723 1859 747 manus
1888 717 1976 748 ante
2002 714 2084 749 Iam
2108 724 2146 749 v.
2177 723 2231 759 19,

516 770 651 814 posuit
665 769 699 814 †‚
716 770 875 804 initium
894 769 1073 804 lectionis.
1126 769 1180 805 18.
1205 767 1377 814 dicipulis
1395 779 1444 803 m.
1453 771 1509 814 p.,
1527 779 1545 803 s
1561 770 1744 813 superscr.
1762 779 1857 803 corr.
1876 779 1924 803 m.
1934 770 1978 814 p.

431 833 510 868 Fol.
527 833 597 868 250
613 833 648 868 b.
677 833 850 868 Sinistra
865 832 981 868 liuius
996 834 1167 879 paginae
1182 832 1357 868 columna
1373 836 1452 867 tota
1475 832 1518 867 in
1536 842 1675 866 rasura
1691 832 1833 877 scripta
1849 836 1905 867 est
1919 844 1943 866 a
1961 843 2009 867 m.
2015 834 2058 878 p.
2066 845 2087 875 ,·
2111 833 2234 869 scriba

523 889 624 923 enim
647 899 764 933 quum
781 891 857 934 per
877 889 1082 937 incuriam·
1087 889 1258 934 primam
1283 888 1497 923 columnam
1523 887 1629 922 Folii
1649 896 1718 931 249
1739 887 1759 922 b
1780 888 1920 922 iterum
1938 890 2232 934 perscripsisset,

523 954 633 978 erasa
649 955 720 979 sua
737 945 860 990 ipsius
877 955 994 978 manu
1011 945 1214 989 scriptura,
1231 955 1275 978 ea
1290 955 1386 988 quae
1401 954 1503 978 nunc
1519 943 1703 989 leguntur
1717 943 1830 977 uerba
1845 943 1982 978 ibidem
1991 945 2135 989 posuit.

432 1003 462 1037 F
465 1002 513 1037 ol.
531 1002 612 1037 251.
647 1010 703 1046 27.
722 1002 799 1047 afer
816 1013 864 1037 m.
874 1004 929 1048 p.,
946 1002 965 1037 f
976 1004 1158 1048 superscr.
1171 1013 1266 1037 corr.
1283 1013 1332 1037 m.
1342 1004 1384 1047 p.
1411 1011 1467 1046 30.
1486 1013 1526 1037 sc
1543 1002 1607 1037 bta
1623 1004 1774 1036 tantum
1790 1012 1839 1036 ex
1853 1001 1990 1038 scribta
2003 1003 2107 1048 quod
2117 1005 2233 1049 scrip-

525 1060 628 1092 serat
643 1068 691 1092 m.
701 1059 756 1103 p.,
774 1057 990 1103 superfuit:
1014 1069 1104 1092 nam
1120 1058 1223 1092 inter
1238 1069 1258 1093 c
1275 1061 1312 1092 et
1327 1058 1351 1093 b
1370 1057 1586 1092 membrana
1596 1057 1728 1102 periit.

526 1112 584 1148 21.
606 1123 635 1148 1.
660 1118 738 1148 tem
753 1125 770 1149 s
789 1113 845 1158 (in
862 1120 988 1149 autern
1005 1112 1059 1158 se)
1073 1114 1116 1148 in
1129 1124 1268 1148 rasura
1280 1113 1464 1158 scriptum
1477 1116 1567 1147 esta
1581 1123 1628 1147 m.
1639 1114 1683 1157 p.
1717 1121 1751 1146 2.
1778 1111 1876 1148 simn
1887 1123 1936 1148 m.
1946 1115 2001 1158 μ,
2016 1124 2039 1148 o
2051 1115 2234 1159 superscr.

526 1179 621 1203 corr.
640 1179 688 1203 m.
699 1170 741 1214 p.
1269 1202 1272 1205 .

434 1233 464 1267 F
467 1231 513 1268 ol.
533 1232 600 1267 251
619 1232 655 1267 b.
689 1232 881 1278 discipulis
905 1232 1110 1277 scripserat
1132 1243 1181 1266 m.
1198 1234 1252 1277 p.,
1279 1235 1324 1266 ut
1346 1231 1452 1267 credo
1467 1244 1481 1267 .·
1505 1231 1573 1266 sed
1591 1232 1695 1266 inter
1718 1243 1736 1267 5
1760 1234 1798 1266 et
1821 1242 1845 1277 p
1871 1231 2088 1267 membrana
2103 1234 2234 1278 periit.

527 1296 561 1331 3.
578 1299 634 1323 ns.
652 1299 701 1322 m.
710 1289 765 1333 p.,
784 1299 806 1323 o
830 1290 1014 1334 superscr.
1039 1298 1134 1323 corr.
1153 1298 1202 1322 m.
1211 1289 1255 1333 p.
1305 1288 1338 1322 8.
1355 1287 1602 1322 Membranae
1618 1286 1679 1321 hic
1694 1288 1821 1322 maior
1827 1289 1926 1332 pars
1947 1288 2109 1334 deperiit
2123 1290 2237 1325 tineis

526 1343 804 1386 conterebrata;
827 1343 917 1379 haec
931 1344 1031 1378 enim
1042 1343 1195 1389 pagina
1210 1342 1412 1378 secundum
1430 1341 1564 1378 codicis
1580 1342 1793 1388 ligaturam
1809 1353 1912 1378 nunc
1926 1345 2104 1390 temporis
2110 1346 2232 1390 finem

529 1401 637 1433 tenet.

434 1461 513 1497 Fol.
531 1460 588 1496 82.
615 1471 671 1506 23.
696 1461 851 1498 moritur
867 1473 915 1497 m.
919 1464 973 1508 p.,
985 1473 1006 1498 e
1018 1464 1199 1507 superscr.
1210 1472 1305 1497 corr.
1319 1472 1367 1496 m.
1373 1463 1417 1507 p.
1466 1471 1487 1496 2
1492 1468 1523 1506 5.
1548 1472 1615 1507 per
1628 1460 1770 1506 singula
1787 1472 1855 1497 nec
1873 1461 2003 1497 uniuer
2017 1473 2099 1497 sum
2106 1465 2240 1508 potuit

527 1517 684 1552 scribere
700 1528 749 1552 m.
749 1520 804 1563 μ,
821 1518 889 1553 sed
893 1520 985 1564 post
999 1529 1023 1553 u
1040 1518 1206 1553 lacerata
1221 1521 1277 1552 est
1291 1517 1508 1551 membrana
1522 1529 1536 1552 .·
1559 1517 1740 1552 similiter
1756 1528 1845 1562 poss
1857 1519 1932 1563 pro
1950 1523 2075 1563 posset
2089 1522 2177 1554 stat.

435 1581 515 1616 Fol.
533 1580 578 1615 82
589 1581 626 1616 b.
661 1581 711 1616 In
727 1575 847 1627 capite
857 1582 1028 1628 paginae
1042 1581 1196 1627 scripsit
1210 1592 1258 1615 m.
1265 1583 1307 1626 p.
1326 1580 1471 1616 initium
1489 1580 1668 1626 euangelii
1687 1580 1786 1616 sec’d
1805 1582 1942 1616 Lucan.

436 1645 517 1680 Fol.
534 1644 581 1679 83
593 1645 629 1680 b.
659 1654 688 1681 1.
709 1645 763 1680 18.
789 1645 866 1681 und
882 1646 953 1681 hoc
970 1656 1018 1680 m.
1025 1646 1079 1690 p.,
1097 1656 1118 1681 e
1134 1647 1317 1690 superscr.
1334 1655 1429 1679 corr.
1447 1655 1495 1679 m.
1500 1646 1544 1690 p.

437 1708 517 1743 Fol.
536 1707 593 1742 84.
632 1717 689 1743 20.
707 1717 764 1744 21.
789 1709 838 1744 hc
856 1735 864 1744 .
884 1736 892 1744 .
911 1735 919 1744 .
938 1709 1015 1755 qud
1040 1720 1088 1743 m.
1092 1711 1146 1754 p.,
1165 1720 1188 1744 o
1207 1735 1215 1743 .
1235 1734 1243 1743 .
1262 1734 1271 1743 .
1288 1719 1311 1743 o
1334 1710 1516 1753 superscr.
1541 1718 1637 1742 corr.
1663 1718 1712 1743 m.
1718 1709 1762 1753 p.
1828 1717 1884 1753 23.
1910 1707 1947 1743 in
1971 1710 2243 1756 superscripsit

529 1774 626 1799 corr.
643 1775 692 1798 m.
699 1766 741 1810 p.
791 1773 847 1808 24.
874 1770 1004 1811 postos
1022 1775 1071 1799 m.
1076 1767 1129 1810 p.,
1148 1764 1174 1799 h
1190 1766 1373 1809 superscr.
1390 1774 1485 1798 corr.
1504 1774 1552 1797 m.
1559 1765 1603 1808 p.

437 1828 517 1863 Fol.
534 1827 580 1862 84
591 1828 627 1862 b.
661 1827 710 1862 In
729 1828 849 1873 capite
864 1829 1037 1875 paginae
1057 1828 1213 1873 scripsit
1230 1839 1280 1862 m.
1299 1837 1319 1862 2
1339 1828 1361 1864 ἢ·
1379 1827 1426 1863 de
1450 1826 1624 1862 aduento.
1687 1834 1743 1870 27.
1763 1826 1818 1861 28.
1845 1826 2080 1872 dispnsatam
2100 1854 2108 1863 .
2127 1854 2135 1864 .
2154 1855 2163 1864 .
2182 1829 2238 1864 in-

530 1893 658 1928 grssus
677 1908 686 1917 .
703 1908 712 1918 .
731 1907 740 1917 .
756 1884 945 1929 eamgelus
966 1895 1014 1918 m.
1021 1885 1076 1930 μ,
1094 1895 1116 1918 ο
1136 1910 1143 1918 .
1163 1910 1171 1918 .
1192 1910 1199 1918 .
1217 1894 1238 1918 e
1257 1909 1264 1917 .
1285 1909 1293 1918 .
1314 1908 1323 1918 .
1341 1894 1389 1918 an
1410 1885 1593 1929 superscr.
1610 1892 1705 1917 corr.
1724 1893 1772 1917 m.
1779 1884 1822 1927 p.
1872 1891 1928 1927 29.
1953 1893 2037 1918 eam
2061 1894 2110 1918 ex
2131 1896 2240 1920 aeam

531 1939 696 1973 correxit
711 1949 759 1973 m.
763 1940 807 1984 p.

439 2002 518 2038 Fol.
536 2001 594 2037 85.
627 2009 684 2047 35.
710 2002 917 2048 respndens
935 2029 944 2039 .
963 2028 971 2038 .
991 2028 999 2037 .
1017 2002 1229 2048 suprueniet
1255 2013 1303 2037 m.
1312 2004 1367 2048 μ,
1393 2013 1416 2037 o
1435 2027 1443 2036 .
1462 2027 1470 2036 .
1488 2027 1496 2037 .
1514 2013 1536 2037 e
1559 2004 1743 2047 superscr.
1769 2011 1865 2036 corr.
1890 2012 1938 2037 m.
1944 2004 1986 2047 p.
2053 2003 2110 2047 38.
2133 2010 2238 2040 aute-

531 2056 650 2092 maria
667 2082 677 2092 .
696 2082 705 2092 .
724 2082 733 2091 .
752 2058 924 2093 scundu-
948 2069 996 2093 m.
1004 2060 1059 2104 p.,
1076 2069 1114 2093 m
1133 2084 1141 2093 .
1160 2084 1168 2093 .
1187 2083 1195 2093 .
1213 2069 1235 2093 e
1250 2060 1432 2104 superscr.
1450 2068 1544 2092 corr.
1564 2059 1672 2102 ηιμ,
1688 2068 1727 2091 m
1744 2057 1786 2091 in
1809 2056 1964 2092 uerbum
1986 2069 2035 2092 ex
2048 2064 2063 2093 t
2079 2061 2244 2095 correxit

534 2123 582 2147 m.
585 2115 629 2159 p.
677 2112 829 2148 discesit
847 2124 895 2148 m.
901 2115 955 2159 p.,
971 2125 988 2149 5
1000 2115 1182 2159 superscr.
1196 2124 1291 2149 corr.
1302 2124 1351 2147 m.
1358 2115 1402 2158 p.
1442 2112 1513 2148 Ad
1512 2112 1635 2158 finem
1653 2123 1785 2147 uersus
1800 2113 1954 2158 scripsit
1967 2124 2016 2148 m.
2027 2123 2046 2148 2
2061 2114 2103 2149 in
2118 2125 2239 2162 marg.

533 2168 606 2203 fine
623 2180 633 2211 3
657 2167 855 2214 eademque
871 2180 1008 2204 manus
1022 2173 1060 2203 et
1074 2169 1116 2203 in
1134 2170 1309 2215 margine
1324 2172 1361 2203 et
1375 2171 1463 2203 ante
1481 2168 1706 2213 Exsurgens,
1717 2169 1851 2214 posuit
1866 2169 1923 2204 ††.

439 2224 470 2260 F
473 2224 520 2259 ol.
537 2213 583 2258 83
596 2224 632 2259 b.
667 2233 725 2269 49.
760 2223 847 2270 quia
880 2230 1013 2270 potens
1045 2224 1249 2270 scripserat
1280 2235 1328 2258 m.
1332 2225 1388 2269 p.,
1419 2224 1600 2266 incuria;
1634 2222 1702 2258 sed
1729 2235 1752 2259 a
1772 2223 1936 2269 finalem
1967 2225 2086 2260 erasit
2114 2225 2240 2261 eadem

535 2290 680 2314 manus.

441 2343 521 2379 Fol.
539 2342 597 2377 86.
636 2350 692 2388 54.
712 2349 768 2388 55.
794 2342 943 2388 Sucepit
963 2369 970 2378 .
990 2370 999 2378 .
1018 2369 1026 2378 .
1044 2349 1165 2379 nostrs
1183 2354 1231 2378 m.
1237 2345 1293 2389 p.,
1311 2355 1328 2379 s
1347 2369 1355 2378 .
1375 2368 1383 2378 .
1402 2368 1410 2377 .
1429 2353 1452 2378 o
1468 2344 1652 2388 superscr.
1669 2353 1765 2378 corr.
1784 2353 1832 2377 m.
1843 2345 1882 2389 p.

441 2407 521 2442 Fol.
538 2405 585 2441 86
595 2406 632 2441 b.
665 2406 722 2441 62.
747 2417 796 2442 au
814 2407 857 2441 in
881 2413 1006 2442 autem
1029 2408 1212 2453 scriptum
1231 2411 1288 2442 est
1309 2408 1352 2442 in
1374 2417 1514 2442 rasura
1531 2418 1555 2441 a
1572 2417 1621 2441 m.
1632 2407 1671 2452 p.
1720 2405 1778 2451 63.
1803 2413 1817 2442 t
1833 2407 1875 2442 in
1894 2406 2040 2453 scripsit
2057 2409 2240 2453 superscr.

535 2472 630 2497 corr.
648 2472 697 2496 m.
704 2464 748 2508 p.
796 2462 854 2507 65.
879 2469 1033 2498 mntana
1049 2474 1097 2498 m.
1105 2465 1158 2509 p.,
1177 2474 1199 2498 o
1216 2465 1399 2509 superscr.
1411 2472 1505 2498 corr.
1523 2473 1571 2497 m.
1577 2464 1621 2508 p.
1682 2461 1739 2498 66.
1763 2462 1859 2497 Post
1874 2462 1934 2498 illo
1950 2463 2104 2509 scripsit
2119 2474 2167 2499 m.
2181 2473 2202 2499 2
2218 2465 2240 2501 †

535 2517 637 2553 fine*
652 2516 760 2552 lectio
778 2522 832 2552 sci
849 2516 1012 2553 iohanni.

443 2581 522 2616 Fol.
539 2579 597 2615 87.
633 2587 690 2625 75.
715 2579 865 2615 iustiam
881 2583 981 2626 m.p.,
997 2580 1026 2617 ti
1042 2583 1223 2626 superscr.
1241 2592 1336 2616 corr.
1355 2591 1403 2616 m.
1409 2582 1452 2626 p.

443 2644 522 2680 Fol.
539 2642 586 2677 87
596 2644 632 2679 b.
668 2644 726 2678 80.
750 2643 800 2678 In
817 2645 991 2690 margine
1006 2645 1158 2690 scripsit
1175 2655 1223 2679 m.
1241 2654 1261 2679 2
1280 2645 1303 2685 †
1321 2644 1359 2679 in
1375 2644 1498 2679 natale
1518 2643 1594 2679 dni.
1657 2643 1690 2678 2.
1713 2653 1743 2679 1.
1769 2643 1879 2680 dibus
1896 2655 1945 2679 m.
1950 2647 2006 2691 p.,
2022 2656 2044 2681 e
2059 2647 2244 2692 superscr.

538 2709 633 2734 corr.
651 2709 700 2733 m.
705 2700 776 2744 p.,·
799 2710 822 2734 a
844 2703 931 2734 ante
953 2710 1079 2735 cesare
1095 2701 1278 2745 superscr.
1295 2699 1421 2734 eadem
1446 2710 1593 2734 manus.
1650 2708 1684 2742 4.
1709 2699 1872 2735 betlehm
1894 2711 1943 2735 m.
1948 2702 2004 2747 p.,
2021 2712 2042 2736 e
2058 2703 2243 2747 superscr.

539 2765 635 2790 corr.
652 2765 702 2789 m.
708 2755 751 2799 p.
814 2761 844 2798 5.
870 2765 982 2790 uxore
1006 2765 1050 2790 su
1066 2766 1091 2788 a
1108 2765 1157 2790 m.
1166 2756 1210 2800 p.
1227 2755 1422 2800 scriptum,
1433 2754 1670 2800 perlineauit
1690 2765 1739 2790 m.
1757 2764 1790 2800 3,
1807 2755 2008 2802 eademque
2026 2767 2164 2792 manus
2181 2768 2243 2792 ex-

530 2811 675 2855 puncto
690 2808 736 2854 ei,
754 2808 905 2845 addidit
919 2808 1001 2846 sibi.
1043 2820 1066 2845 o
1083 2810 1125 2845 in
1143 2815 1249 2845 utero
1262 2809 1432 2844 euanuit.
