2872 3268
573 227 654 272 130

372 337 455 369 Pol.
470 338 554 370 190.
569 331 599 354 ²⁶
611 331 658 371 de
678 329 840 370 mortuis
859 336 978 368 aute-

569 394 676 446 quod
695 398 898 444 resurgunt

571 470 652 496 non
682 456 824 507 legistis
845 456 884 493 in
904 455 929 492 li

570 521 643 558 bro
663 519 789 569 moysi
809 518 848 555 in
867 529 910 554 ru

571 584 624 621 bo
639 602 648 612 ·
697 582 793 620 sicut
813 580 907 617 dixit
926 578 951 616 il

571 646 596 683 li
617 645 661 683 ds
681 644 812 682 dicens
827 664 835 672 ·
883 653 958 691 ego

571 720 657 746 sum
676 707 720 745 ds
740 705 924 744 abraham

570 777 608 809 et
628 770 672 808 ds
691 770 794 807 isaac
813 788 820 797 ·
850 774 888 804 et
908 766 952 804 ds

572 833 686 871 iacob
700 852 708 861 ·
753 829 780 851 ²⁷
793 842 874 868 non
893 834 950 867 est

571 896 615 933 ds
635 900 873 932 mortuorum

571 955 635 996 sed
654 957 698 994 ds
718 956 899 993 uiuorum

571 1019 657 1058 Uos
677 1031 770 1069 ergo
789 1017 914 1055 multi-1

572 1082 698 1121 erratis
713 1102 721 1111 ·
737 1103 745 1111 ·
761 1101 769 1111 ·
799 1078 828 1101 2⁸
839 1080 890 1117 Et
910 1091 1023 1118 acces

572 1146 620 1183 sit
638 1156 738 1182 unus
758 1143 805 1181 de
826 1142 899 1181 scri

571 1209 630 1246 bis
650 1207 715 1257 qui
734 1206 905 1245 audierat

570 1270 656 1309 illos
676 1269 890 1319 conquiren

570 1339 648 1371 tes·
691 1338 728 1370 et
746 1331 884 1369 uidens

571 1400 666 1447 qfim
685 1396 782 1433 bene
802 1393 876 1432 illis

569 1457 787 1508 respondit·
836 1456 933 1494 inter

570 1521 723 1571 rogauit
740 1532 831 1558 eum

571 1608 680 1659 quod
698 1613 756 1646 est
775 1619 917 1658 precep

570 1678 654 1710 tum
673 1671 839 1721 primum
853 1691 861 1699 ·

570 1733 600 1756 ²⁹
614 1733 873 1784 Respondens
893 1734 981 1786 aute

570 1797 630 1835 ihs
649 1796 744 1834 dixit
763 1795 812 1834 ad
831 1805 921 1833 eum

573 1859 764 1898 Omnium
783 1857 954 1908 primum

571 1922 800 1960 mandatum
856 1919 945 1958 audi

571 1985 619 2023 isi
665 1985 738 2023 dfis
758 1984 803 2022 ds
823 1990 954 2022 noster

572 2047 647 2086 d1‘1s
666 2059 767 2085 unus
786 2052 844 2085 est
858 2068 866 2076 ·
905 2045 935 2066 ³⁰
945 2051 983 2084 et
1003 2045 1042 2083 di

572 2110 669 2159 liges
689 2110 784 2147 dfim
804 2109 871 2147 dm
890 2112 959 2146 tufi

571 2185 620 2211 ex
641 2178 725 2211 toto
746 2171 861 2211 corde
881 2178 948 2210 tuo
966 2190 1005 2200 ·-

572 2242 611 2274 et
625 2248 673 2273 ex
689 2241 770 2273 tota
783 2234 913 2272 anima
926 2240 1043 2272 tua·-

520 2299 556 2328 et
572 2310 621 2336 ex
635 2303 719 2336 toto
740 2309 856 2336 senso
875 2303 943 2335 tuo
960 2317 998 2326 ·-

573 2367 612 2399 et
626 2373 675 2398 ex
691 2366 773 2398 tota
787 2360 923 2397 uirtute

573 2429 641 2461 tua
657 2444 665 2452 ·
714 2423 792 2461 hoc
811 2428 870 2461 est
888 2421 948 2472 pri

574 2497 683 2523 mum
703 2491 929 2535 preceptum

574 2546 601 2568 ³¹
614 2547 665 2585 Et
684 2547 897 2585 secundum
923 2546 1044 2586 simile

575 2608 664 2647 huic
678 2630 686 2639 ·
745 2609 881 2660 diliges
900 2610 1012 2660 proxi

576 2683 684 2708 mum
702 2677 810 2709 tuum
828 2679 1018 2723 tamqua—

577 2733 742 2782 teipsum
798 2735 923 2774 maius

578 2793 712 2832 horum
733 2795 834 2834 aliud

1484 213 1648 254 SEC··

1071 333 1297 378 preceptum
1317 338 1398 366 non
1417 332 1495 366 est·

1072 389 1100 411 ³²
1113 390 1161 428 Et
1174 391 1225 428 ait
1238 390 1289 427 illi
1301 390 1448 429 scriba·
1469 391 1518 429 be

1071 465 1120 490 ne
1141 452 1268 490 dixisti
1286 453 1470 503 magister

1072 516 1112 553 in
1130 515 1288 553 ueritate
1336 515 1442 565 quod

1071 589 1173 616 unus
1193 578 1240 616 sit
1259 577 1304 616 ds
1321 599 1328 607 ·
1378 590 1450 616 nec
1471 578 1519 617 sit

1072 640 1167 678 alius
1186 646 1311 690 preter
1329 640 1438 678 illum

1072 703 1100 723 ³⁸
1114 709 1152 741 et
1171 703 1224 741 ita
1243 702 1460 752 diligendus

1070 778 1118 804 ex
1141 771 1222 804 toto
1242 765 1360 805 corde
1406 772 1444 804 et
1462 779 1511 804 ex

1071 829 1181 867 omni
1200 829 1338 867 uirtute
1356 851 1363 859 ·
1404 835 1442 867 et
1461 841 1509 867 ex

1071 892 1254 930 omnibus
1273 891 1418 930 uiribus

1070 960 1110 992 et
1128 967 1176 992 ex
1196 961 1278 993 tota
1297 955 1427 992 anima
1447 965 1516 992 sua
1530 975 1538 983 ·

1072 1016 1124 1055 Et
1142 1017 1297 1067 diligere
1317 1017 1498 1067 proximu

1071 1086 1274 1130 tamquam
1293 1080 1455 1130 seipsu-

1072 1142 1148 1182 hoc
1169 1143 1295 1182 maius
1315 1149 1373 1181 est
1393 1141 1502 1180 omni

1072 1206 1146 1244 bus
1165 1205 1405 1244 holocaustis

1073 1274 1111 1306 et
1129 1268 1319 1306 uictimis·
1350 1267 1379 1288 ³²
1393 1266 1445 1305 Et
1464 1267 1523 1305 ihs

1073 1330 1212 1369 uidens
1231 1330 1339 1381 quod
1358 1342 1431 1381 pru

1073 1394 1208 1433 denter
1227 1393 1298 1431 sibi
1318 1405 1460 1444 respon

1074 1457 1192 1495 disset
1208 1476 1217 1486 ·
1261 1455 1357 1494 dixit
1371 1477 1380 1486 ·
1429 1467 1510 1494 non

1074 1519 1191 1570 longe
1209 1531 1251 1558 es
1271 1534 1294 1559 a
1313 1531 1436 1569 regno
1457 1519 1497 1557 di

1075 1607 1126 1646 Et
1145 1620 1261 1646 nemo
1281 1608 1359 1645 iam
1378 1607 1478 1646 aude

1075 1671 1141 1709 bat
1159 1683 1251 1709 eum
1270 1671 1466 1720 interroga

1074 1745 1116 1772 re
1136 1733 1351 1784 quidquam
1365 1754 1373 1763 ·
1390 1754 1466 1762 ·—

1075 1796 1103 1817 ⁸⁵
1115 1795 1167 1834 Et
1184 1795 1426 1846 respondens
1446 1795 1505 1833 ihs

1075 1859 1223 1898 docens
1242 1859 1283 1897 in
1302 1858 1450 1909 templo

1075 1922 1171 1960 dixit
1226 1921 1428 1971 quomodo

1074 1985 1209 2023 dicunt
1227 1985 1373 2023 scribae
1393 1987 1488 2034 xpm

1074 2048 1196 2086 filium
1215 2059 1299 2086 esse
1319 2046 1436 2085 dauid
1450 2067 1458 2076 ·

1075 2110 1103 2132 ⁸⁶
1115 2111 1204 2160 Ipse
1221 2110 1328 2148 enim
1347 2109 1465 2148 dauid
1484 2109 1524 2147 in

1075 2177 1149 2223 spu
1169 2177 1238 2211 sco
1258 2172 1355 2211 dixit
1402 2172 1493 2210 dicit

1075 2236 1149 2274 dr'1s
1168 2235 1248 2274 dr‘io
1266 2247 1356 2274 meo
1376 2235 1465 2273 sede

1077 2298 1126 2336 ad
1145 2298 1321 2336 dextram
1341 2304 1463 2335 mea-

1077 2360 1203 2398 donec
1223 2371 1371 2410 ponam
1391 2360 1446 2397 ini

1076 2423 1202 2460 micos
1221 2428 1309 2460 tuos
1357 2433 1423 2461 sca

1075 2485 1235 2523 mellum
1253 2484 1399 2534 pedum
1418 2491 1459 2523 tu

1076 2559 1189 2586 orum
1203 2568 1211 2577 ·
1269 2547 1298 2568 ⁸⁷
1310 2547 1394 2597 ipse
1414 2547 1532 2585 dauid

1076 2609 1168 2648 dicit
1186 2621 1277 2647 eum
1301 2609 1396 2648 dfim
1412 2631 1420 2643 ·
1473 2609 1525 2648 Et

1076 2672 1180 2710 unde
1199 2679 1257 2711 est
1275 2673 1376 2711 filius
1395 2673 1477 2711 eius

1075 2734 1125 2773 Et
1144 2735 1266 2774 multa
1285 2736 1395 2774 turba
1414 2736 1439 2773 li

1074 2797 1207 2837 benter
1225 2811 1315 2837 eum
1335 2799 1446 2838 audie

1607 328 1696 366 bat·
1754 327 1783 349 ⁸⁸
1795 327 1847 366 Et
1867 327 2019 367 dicebat
2039 327 2064 366 il

1607 391 1653 428 lis
1673 390 1713 428 in
1737 390 1913 429 doctrina

1607 465 1678 492 sua
1695 474 1703 484 ·
1760 453 1886 491 uidete
1907 465 1930 491 a
1949 453 2025 492 scri

1607 516 1667 554 bis
1714 516 1782 566 qui
1801 516 1940 555 uolunt
1959 515 2000 554 in

1608 578 1717 618 stolis
1737 578 1935 617 ambulare

1607 647 1645 680 et
1665 641 1819 679 salutari
1839 641 1879 678 in
1898 640 1937 679 fo
2076 640 2094 660 *

1606 716 1650 743 ro
1667 725 1675 734 ·

1607 766 1797 805 cathedris
1816 765 1948 805 sedere

1609 829 1649 867 in
1669 829 1901 880 synagogis·

1609 893 1649 930 in
1668 892 1816 942 primos
1835 891 1944 930 discu

1608 955 1710 994 bitos
1729 955 1770 993 in
1788 955 1948 994 conuiui

1610 1018 1642 1056 is
1656 1039 1664 1048 ·
1722 1018 1753 1040 ⁴⁰
1766 1018 1833 1067 qui
1852 1017 1899 1055 de

1608 1087 1750 1123 uorant
1769 1080 1909 1118 domos
1928 1079 1968 1117 ui

1611 1144 1778 1182 duarum
1798 1149 1836 1180 et
1855 1154 1910 1193 pu

1609 1206 1791 1256 pillorum
1809 1216 1927 1243 occas

1611 1269 1720 1307 sione
1739 1268 1859 1317 longa
1877 1279 1903 1305 o

1610 1336 1740 1369 rantes
1755 1350 1764 1360 ·
1821 1329 1862 1367 hi
1880 1329 2005 1379 accipi

1611 1399 1677 1431 ent
1695 1392 1883 1442 prolixius
1902 1392 1942 1429 iu

1611 1455 1756 1494 dicium
1769 1476 1779 1485 ·
1793 1475 1802 1485 ·
1821 1476 1828 1485 ·
1859 1454 1950 1493 41Εῑ
1969 1466 2047 1493 con

1610 1525 1668 1557 tra
1687 1517 1952 1568 gazofilaciu-

1958 827 2010 867 Et

1611 1606 1749 1644 sedens
1769 1605 1827 1644 ihs
1842 1627 1850 1636 ·
1907 1605 2051 1656 aspicie

1611 1670 1676 1707 bat
1696 1668 1899 1720 quomodo
1918 1674 1979 1706 tur

1610 1733 1684 1771 bae
1704 1732 1892 1770 iactarent
1911 1743 1977 1770 aes
1996 1731 2037 1769 in

1610 1794 1902 1845 gazofilacium·
1961 1793 2011 1832 Et

1609 1857 1720 1896 multi
1739 1857 1877 1896 diuites
1897 1857 1998 1896 iacta

1609 1921 1704 1959 bant
1721 1920 1865 1958 multa·
1884 1941 1893 1950 ·
1932 1918 1962 1941 ⁴²
1977 1919 2079 1958 Cum

1609 1983 1779 2022 uenisset
1796 1989 1927 2021 autem
1946 1995 1972 2020 u

1610 2058 1663 2085 na
1680 2046 1801 2085 uidua
1819 2046 1923 2084 misit
1942 2058 2031 2084 aera

1610 2108 1690 2147 duo
1746 2108 1855 2159 quod
1873 2114 1931 2147 est
1950 2121 2030 2159 qua

1609 2171 1726 2209 drans
1743 2193 1751 2201 ·
1807 2171 1836 2192 ⁴³
1850 2170 1902 2209 Et
1920 2182 2051 2209 conuo

1612 2245 1706 2272 cans
1726 2233 1941 2283 discipulos
1961 2245 2006 2271 su

1612 2308 1658 2334 os
1676 2296 1728 2334 ait
1748 2295 1823 2334 illis
1838 2316 1846 2325 ·
1904 2295 2033 2334 Amen

1611 2358 1700 2397 dico
1718 2358 1833 2397 uobis
1888 2358 2068 2408 quonia-

1611 2420 1729 2459 uidua
1747 2433 1894 2471 aegena
1911 2421 1984 2459 hec

1611 2484 1698 2534 plus
1718 2483 1900 2521 omnibus
1920 2483 2024 2522 misit

1611 2546 1652 2584 in
1671 2545 1939 2596 gazofilacium
1950 2568 2006 2574 —

1611 2609 1640 2629 ⁴⁴
1652 2621 1744 2647 nam
1763 2620 1901 2647 omnes
1919 2621 1968 2647 ex
1987 2620 2036 2648 eo

1611 2671 1719 2721 quod
1738 2671 1962 2710 abundabat
1980 2672 2006 2710 il

1611 2734 1657 2773 lis
1677 2734 1865 2773 miserunt
1919 2734 2008 2774 Hec

1613 2803 1743 2837 autem
1755 2797 1803 2836 de
1815 2798 1976 2848 penuria
1988 2810 2058 2838 sua
2070 2820 2076 2829 -

2249 221 2530 264 [x11.26-X111.
2547 231 2575 267 7.

2113 329 2247 368 omnia
2264 341 2364 380 quae
2388 330 2523 370 habuit

2111 392 2215 430 misit
2234 398 2358 432 totum
2377 394 2484 432 uicti-1

2165 471 2221 488 m
2240 467 2355 493 suum
2374 473 2429 490 m

2077 515 2097 538 *
2110 515 2239 556 13.¹Et
2250 530 2341 556 cum
2353 519 2473 558 exiret
2481 518 2527 557 de
2540 522 2578 558 te

2080 580 2098 602 *
2112 579 2179 629 plo
2196 601 2204 609 ·
2235 581 2288 619 ait
2307 580 2359 618 illi
2379 593 2482 620 unus

2111 654 2160 680 ex
2181 642 2378 693 discipulis
2399 644 2478 682 suis
2493 665 2502 674 ·

1733 703 1762 725 ⁸⁹
1774 703 1825 742 Et
1843 703 1884 741 in
1903 703 2037 754 primis
2077 702 2292 755 *magister
2346 706 2477 756 aspice

2111 766 2246 816 quales
2264 767 2412 818 lapides
2431 775 2469 807 et

2111 829 2244 880 quales
2264 836 2474 869 structuras

2111 892 2244 942 templi
2260 913 2269 923 ·
2326 893 2341 915 ²
2352 899 2389 931 et
2407 893 2467 932 ihs
2485 905 2546 932 res

2111 955 2292 1006 pondens
2311 956 2364 994 ait
2383 956 2455 994 illis
2468 978 2524 984 --

2111 1017 2251 1056 uidetis
2269 1017 2365 1057 haec
2385 1018 2519 1057 omnia

2111 1092 2257 1130 magna
2276 1080 2450 1120 aedificia
2467 1083 2506 1111 ·-‘-

2111 1142 2241 1181 Amen
2257 1143 2344 1186 dico
2362 1144 2476 1182 uobis
2496 1155 2578 1183 non

2110 1206 2346 1256 relinquetur
2364 1206 2427 1245 hic
2446 1206 2484 1245 la

2111 1269 2172 1319 pis
2192 1279 2308 1319 super
2326 1269 2495 1320 lapidem

2113 1331 2181 1381 qui
2208 1343 2290 1370 non
2309 1331 2526 1371 destruatur

2112 1393 2276 1432 ⁸Etcum
2290 1394 2435 1433 sederet
2442 1395 2580 1434 inm⁰n

2112 1463 2191 1495 tem
2209 1457 2342 1495 oliueti
2361 1464 2497 1497 contra

2113 1519 2301 1570 templum
2320 1520 2462 1560 interro

2111 1608 2258 1657 gabant
2276 1619 2367 1646 eum
2387 1619 2472 1648 seor

2113 1681 2202 1707 sum
2218 1691 2226 1699 ·
2257 1675 2388 1720 petrus

2113 1738 2151 1770 et
2170 1732 2332 1772 iacobus
2350 1739 2389 1771 et
2407 1734 2447 1772 io

2114 1794 2264 1833 hannes
2311 1801 2350 1834 et
2368 1795 2486 1834 andre

2113 1870 2156 1896 as
2212 1859 2227 1879 ⁴
2242 1858 2302 1897 dic
2323 1859 2436 1897 nobis
2455 1870 2562 1910 quan

2114 1920 2166 1959 do
2186 1920 2258 1959 hec
2277 1921 2376 1960 fiunt
2429 1928 2467 1960 et

2113 1983 2221 2034 quod
2241 1983 2397 2034 signum
2417 1988 2467 2023 οῦ

2112 2046 2311 2096 coeperint
2329 2046 2426 2086 haec

2113 2108 2248 2146 omnia
2267 2121 2432 2148 consum

2113 2171 2233 2209 mari·
2251 2191 2287 2201 ··
2318 2170 2396 2209 ⁵Et
2414 2183 2558 2222 respon

2114 2233 2211 2271 dens
2230 2233 2289 2272 ihs
2335 2234 2463 2285 coepit

2114 2295 2240 2334 dicere
2260 2296 2332 2334 illis
2346 2318 2354 2327 ·

2113 2357 2253 2397 Uidete
2274 2371 2322 2398 ne
2342 2360 2430 2410 quis
2450 2373 2524 2400 uos

2112 2421 2272 2460 seducat
2325 2422 2461 2462 “multi

2112 2484 2218 2522 enim
2237 2485 2395 2524 uenient

2112 2546 2153 2583 in
2173 2547 2332 2586 nomine
2351 2561 2440 2588 meo

2112 2608 2283 2648 dicentes
2302 2623 2378 2661 ego
2399 2616 2444 2651 ssi
2461 2634 2470 2643 ·

2111 2680 2151 2711 et
2170 2673 2313 2712 multos
2333 2674 2426 2713 sedu

2113 2742 2204 2776 cent
2218 2758 2249 2766 ··
2269 2757 2276 2766 ·
2315 2737 2330 2758 ⁷
2343 2736 2445 2776 Cum
2465 2741 2553 2778 aute

2115 2798 2308 2838 audieritis
2328 2799 2428 2839 bella

2594 341 2677 373 1²01.
2692 342 2770 374 191.
