2872 3268
288 201 365 233 vll.
383 202 549 235 21—VIII.
571 202 640 246 17.]

93 314 178 349 Ποῖ,
193 315 250 350 le.
285 313 376 364 Ipse
395 314 549 354 intrabit
567 316 607 354 in

282 389 447 427 regnum
470 378 623 418 caelorfl
640 395 648 404 ·

282 437 431 479 ²²Multi
449 441 579 480 dicent
601 441 696 480 mihi

279 502 322 541 in
339 503 404 542 illa
422 503 482 542 die
499 522 506 530 ·
546 503 623 542 dfie

259 598 262 599 γ
279 564 356 603 dfie
378 577 511 605 nonne
529 566 570 604 in
590 578 644 605 no

278 628 383 666 mine
401 634 468 668 tuo
486 629 598 679 profe

276 690 444 729 tauimus
464 711 472 720 ·
512 690 562 729 Et
579 691 620 730 in
638 705 695 732 no*

275 753 380 792 mine
402 760 468 793 tuo
487 754 628 793 daemo

275 817 341 855 nia
359 817 518 856 eicimus
535 847 543 856 .
584 817 635 857 Et

272 879 314 918 in
333 886 400 919 tuo
424 881 582 919 nomine

272 942 429 981 uirtutes
448 943 590 982 multas

270 1004 433 1044 fecimus
446 1023 454 1031 ·
501 1004 587 1045 ²³Et
604 1013 697 1047 tunc

268 1068 406 1108 iurabo
423 1068 496 1108 illis
515 1069 606 1120 quia

269 1142 352 1170 non
371 1132 462 1170 noui
481 1144 576 1171 uos·

270 1193 469 1233 Discedite
489 1207 512 1233 a
530 1207 594 1234 me
617 1207 695 1248 ope

268 1257 357 1295 rarii
374 1257 581 1307 iniquitatis
599 1277 606 1285 ·

267 1317 444 1359 ²*Omnis
463 1332 556 1371 ergo
575 1322 640 1371 qui
659 1334 710 1361 au

267 1381 324 1420 dit
338 1381 456 1421 uerba
475 1395 564 1421 mea

267 1444 364 1483 haec
385 1451 422 1484 et
441 1445 532 1484 facit
550 1458 618 1485 ea·
661 1448 693 1487 si

266 1507 411 1547 milabo
430 1520 520 1547 eum
538 1510 622 1548 uiro

265 1658 429 1708 sapienti
441 1679 450 1688 ·
479 1659 546 1709 qui

264 1720 481 1760 aedificauit
500 1722 649 1761 domu*
665 1739 673 1750 ·

263 1794 375 1822 suam
395 1796 511 1834 supra
533 1797 583 1834 pe

260 1851 360 1895 tram
373 1863 382 1872 ·
422 1845 602 1886 ²⁵descen

260 1908 316 1947 dit
334 1908 464 1959 pluuia
483 1909 583 1948 flaue

259 1978 349 2011 runt
366 1973 472 2011 uenti
485 1990 493 1999 ·
519 1973 621 2012 adue

259 2042 400 2074 nerunt
418 2036 578 2074 flumina
590 2053 598 2062 ·

259 2107 298 2139 et
314 2102 543 2152 inpegerunt
561 2103 601 2141 in

258 2164 421 2204 domum
438 2165 542 2204 illam
589 2172 628 2204 et

257 2239 340 2266 non
360 2228 500 2267 cecidit
516 2246 523 2254 ·
565 2228 653 2267 Fun

257 2290 348 2329 data
370 2291 476 2329 enim
494 2297 575 2329 erat
597 2303 643 2330 su

255 2365 327 2404 pra
345 2359 456 2404 petra
471 2370 479 2379 ·
519 2352 603 2392 ²⁶Et
622 2366 689 2393 om

255 2416 315 2454 nis
334 2416 399 2466 qui
420 2416 527 2455 audit
544 2428 613 2455 uer

254 2477 306 2516 ba
324 2491 413 2517 mea
431 2478 528 2518 haec
542 2497 550 2505 ·
591 2485 629 2518 et

254 2552 337 2579 non
355 2540 447 2579 facit
465 2554 512 2580 ea
524 2562 532 2571 ·
574 2542 660 2580 simi

253 2602 300 2641 lis
318 2609 377 2642 est
396 2604 481 2643 uiro
502 2604 618 2644 stulto
630 2627 638 2636 -

255 2665 335 2712 Qui
353 2666 572 2705 aedificauit
591 2668 644 2707 do

252 2740 363 2766 mum
383 2740 494 2767 suam
514 2741 559 2767 su

251 2804 323 2842 pra
344 2791 531 2830 harenam
547 2808 557 2818 ·

251 2852 487 2893 ²⁷deseendit
505 2854 637 2905 pluuia

1128 199 1219 238 MA
1231 192 1445 239 TTHEU
1453 221 1461 230 ·

784 316 994 357 Flauerunt
1013 318 1119 356 uenti

785 380 1027 419 aduenerunt
1048 381 1103 419 flu

785 443 892 481 mina
907 459 916 468 ·
957 449 995 482 et
1018 443 1126 482 offen

785 504 924 543 derunt
944 506 984 543 in
1004 506 1126 546 domfi

782 566 887 605 illam
944 573 982 606 et
1000 569 1159 608 cecidit·

781 636 819 668 et
840 629 943 669 facta
962 638 1020 670 est
1041 633 1151 672 ruina

780 692 861 732 eius
879 705 1025 744 magna
1041 713 1049 721 ·
1071 713 1125 730 φ.

836 773 891 790 κ’*
973 775 1028 791 m
1109 776 1164 794 αἱ

757 815 865 857 *²⁸Et
882 818 1027 858 facturn
1047 827 1106 859 est

757 879 870 919 *cum
892 893 1059 922 consum

756 941 920 982 *masset
939 945 1020 984 ihs·
1058 958 1127 986 uer

756 1005 828 1045 *ba
847 1007 943 1047 haec
960 1026 968 1034 ·
1010 1009 1158 1051 admira

754 1068 914 1109 *bantur
932 1073 1066 1111 turbae

777 1145 894 1184 super
917 1135 1120 1175 doctrina-

777 1196 880 1235 eius·
921 1196 1037 1237 ²⁹erat
1056 1204 1142 1239 aute

776 1259 924 1299 docens
943 1273 1012 1299 eos
1033 1262 1131 1301 sicut

774 1328 1007 1372 potestatem
1030 1324 1081 1363 ha

773 1385 871 1423 bens
926 1392 964 1424 et
983 1399 1064 1425 non
1084 1388 1181 1427 sieut

773 1448 921 1486 scribae
941 1461 1076 1487 eorum
1095 1457 1134 1489 et

771 1509 946 1549 farisaei·
1000 1515 1038 1550 8.
1054 1511 1124 1552 1Et
1144 1513 1213 1553 des

771 1573 960 1612 cendente
983 1587 1031 1614 eo
1054 1575 1103 1614 de

771 1668 905 1701 monte
956 1671 1088 1703 secute

770 1731 860 1763 sunt
879 1738 969 1764 eum
988 1727 1097 1766 turbe

769 1787 912 1826 multae
930 1806 938 1814 ·
982 1790 1054 1828 2Εε
1073 1802 1164 1830 ecce

766 1849 944 1899 leprosus
964 1852 1082 1901 quida

765 1913 928 1951 ueniens
954 1915 1076 1953 adora

764 1975 830 2013 bat
849 1987 939 2014 eum
959 1976 1094 2017 dicens
1107 1996 1115 2004 ·

762 2036 853 2076 Dfie
873 2038 904 2077 si
923 2039 982 2077 uis
1002 2047 1114 2090 potes

763 2111 826 2138 me
846 2101 1058 2140 mundare·

761 2162 821 2201 ³et
841 2165 1055 2203 extendens
1075 2177 1141 2205 ma

760 2238 855 2264 num
874 2228 997 2277 tetigit
1019 2234 1069 2266 esi

760 2289 819 2328 ihs
839 2289 974 2329 dicens
1025 2303 1078 2330 uo

759 2352 797 2391 lo
817 2353 1006 2393 mundare
1019 2371 1027 2380 ·

759 2415 811 2454 Et
829 2416 1036 2455 confestim
1055 2429 1152 2456 mun

759 2478 850 2517 data
869 2486 928 2518 est
946 2479 1053 2530 lepra
1071 2480 1153 2519 eius
1170 2499 1178 2508 ·

759 2541 830 2580 4Et
844 2542 895 2580 ait
906 2542 960 2579 illi
978 2542 1036 2581 ihs
1054 2559 1062 2568 ·
1091 2543 1181 2583 uide
1197 2560 1204 2568 ·

757 2605 906 2642 nemini
926 2605 1065 2643 dixeris
1081 2623 1090 2632 ·

756 2667 825 2706 sed
839 2667 988 2706 uadens
1004 2674 1117 2707 osten

756 2730 805 2768 de
824 2736 861 2768 te
882 2730 1094 2769 sacerdoti·

754 2791 806 2830 Et
828 2792 927 2830 offer
949 2805 1112 2832 munus·

753 2855 860 2905 quod
879 2856 1051 2906 precepit

1331 330 1488 369 moyses
1506 320 1547 359 in
1570 321 1657 359 testi

1327 381 1503 419 monium
1522 382 1619 420 illis··
1636 404 1643 412 ·

1325 442 1440 481 ⁵Post
1458 443 1530 483 hec
1550 451 1680 483 autem
1699 451 1749 484 esi

1322 504 1516 545 introisset
1535 519 1583 546 ca

1321 578 1510 617 pernaum
1532 586 1540 595 ·
1582 581 1629 609 ac

1321 630 1417 668 cesit
1436 630 1486 668 ad
1506 643 1596 669 eum
1619 633 1688 683 qui

1320 691 1411 730 dam
1431 695 1626 733 centurio·

1317 766 1463 804 rogans
1480 769 1570 795 eum
1589 764 1628 796 et

1319 816 1454 856 dicens
1470 836 1478 845 -
1520 819 1640 859 ⁶df1e··
1681 834 1736 873 pu

1317 892 1359 918 er
1378 892 1488 920 meus
1508 882 1608 922 iacet

1317 941 1358 979 in
1378 943 1499 982 domo
1519 946 1652 997 paraly

1317 1005 1416 1043 ticus
1466 1013 1504 1044 et
1523 1008 1624 1047 male

1317 1072 1514 1117 torquetur
1529 1087 1538 1096 ·
1582 1071 1657 1110 ⁷ait

1315 1129 1368 1167 illi
1388 1130 1468 1169 ihs·
1510 1143 1586 1182 ego
1604 1134 1695 1172 ueni

1316 1204 1380 1230 am
1400 1199 1438 1231 et
1458 1196 1603 1234 curabo
1622 1204 1699 1234 eu‘
1716 1215 1724 1224 ·

1314 1253 1384 1293 ⁸Et
1403 1257 1645 1306 respondens
1664 1270 1738 1298 cen

1313 1317 1412 1356 turio
1432 1318 1483 1357 ait
1500 1336 1508 1345 ·
1544 1319 1644 1358 dfie·

1312 1391 1394 1417 non
1414 1391 1501 1418 sum
1520 1381 1661 1432 dignus

1311 1449 1352 1481 ut
1371 1443 1488 1482 intres
1509 1446 1581 1482 sub
1600 1450 1659 1484 tec

1309 1510 1393 1544 tum
1412 1517 1568 1545 meum·
1610 1507 1688 1547 Sed

1307 1662 1458 1696 tantum
1477 1658 1538 1697 dic
1558 1671 1626 1697 uer

1308 1718 1360 1758 bo
1417 1726 1455 1758 et
1475 1721 1671 1760 sanabitur

1308 1793 1404 1831 puer
1423 1794 1532 1821 meus
1549 1801 1557 1809 ·
1578 1805 1633 1811 —

1307 1843 1367 1881 ⁹N
1370 1857 1434 1882 am
1453 1852 1491 1883 et
1510 1857 1584 1896 ego
1603 1846 1722 1887 homo

1309 1918 1395 1944 sum
1410 1924 1418 1932 ·
1462 1908 1533 1946 sub
1556 1915 1667 1958 potes

1307 1975 1384 2007 tate
1404 1971 1570 2009 constitu

1307 2037 1367 2070 tus
1424 2032 1572 2072 habens
1592 2035 1664 2072 sub

1305 2106 1369 2132 me
1388 2095 1529 2133 milites
1545 2113 1554 2122 ·
1596 2103 1634 2135 et
1653 2096 1692 2135 di

1303 2169 1352 2195 co
1366 2156 1455 2195 huic
1475 2158 1575 2197 uade
1596 2165 1634 2197 et

1302 2219 1409 2259 uadit
1448 2227 1486 2259 et
1505 2220 1568 2259 alii
1587 2233 1637 2259 ue

1301 2282 1341 2320 ni
1375 2289 1413 2321 et
1432 2283 1561 2321 uenit·
1605 2290 1644 2322 et
1664 2296 1725 2323 ser

1298 2357 1350 2384 uo
1371 2357 1460 2385 meo
1480 2345 1540 2385 fac
1560 2346 1637 2386 hoc

1298 2414 1336 2447 et
1355 2407 1446 2448 facit
1458 2429 1467 2439 ·
1485 2430 1493 2439 ·
1535 2408 1674 2447 1⁰Audi

1296 2483 1367 2510 ens
1387 2478 1517 2511 autem
1538 2472 1597 2510 ihs
1616 2472 1670 2510 mi

1294 2540 1401 2572 ratus
1425 2541 1504 2573 est·
1548 2540 1587 2573 et
1607 2546 1648 2573 se

1294 2597 1501 2646 quentibus
1521 2609 1561 2636 se
1581 2597 1676 2636 dixit
1691 2615 1699 2624 ·

1295 2659 1424 2698 Amen
1442 2660 1531 2699 dico
1549 2660 1662 2699 uobis

1292 2722 1334 2759 in
1354 2722 1502 2760 nullum
1521 2726 1631 2761 tanti-1

1294 2785 1413 2823 fidem
1431 2785 1563 2823 inueni
1581 2785 1621 2823 in

1833 323 1929 369 qfim
1947 319 2055 359 multi
2076 321 2125 359 ab
2144 334 2169 360 o

1830 382 1951 420 riente
1971 389 2008 421 et
2027 383 2114 422 occi

1830 443 1943 483 dente
1963 446 2119 484 uenient

1829 511 1868 543 et
1885 508 2113 546 recumbent
2125 526 2134 534 ·

1828 580 1920 607 cum
1939 570 2125 608 abraham
2142 577 2181 610 et

1827 629 1930 669 isaac
1983 639 2021 670 et
2040 633 2152 672 iacob
2170 634 2211 672 in

1826 705 1949 743 regno
1968 695 2166 734 caelorum
2181 713 2190 723 ·

1826 754 1943 794 ¹²Filii
1962 764 2091 796 autem
2109 759 2220 809 regni

1821 818 1931 858 ibunt
1949 820 1989 858 in
2008 822 2188 860 tenebras

1823 883 2029 921 exteriores
2044 903 2052 912 ·
2093 884 2146 922 ibi

1823 944 1892 983 erit
1911 944 2023 983 fletus
2042 952 2080 984 et
2100 947 2166 985 stri

1822 1005 1893 1044 dor
1912 1007 2085 1046 dentium
2101 1027 2108 1035 ·
2126 1026 2135 1035 ·

1822 1068 1906 1107 1“‘Et
1929 1070 2025 1109 dixit
2046 1071 2106 1110 ihs
2125 1079 2242 1111 centu

1819 1131 1918 1169 rioni
1971 1132 2083 1172 Uade
2139 1135 2172 1173 si

1819 1201 1884 1232 cut
1903 1196 2093 1235 credidisti
2113 1197 2181 1237 fiat

1818 1256 1887 1294 tibi
1909 1275 1916 1283 ·
1961 1265 1999 1296 et
2019 1266 2155 1298 sanatu
2174 1266 2234 1300 est

1817 1331 1913 1369 puer
1937 1333 1985 1358 ex
2008 1321 2070 1360 illa
2089 1321 2187 1361 hora
2202 1341 2211 1350 ·

1816 1382 2279 1426 †¹4Etcumuenissetihs·

1813 1444 1854 1482 in
1874 1445 2037 1484 domum
2057 1449 2153 1497 petri
2200 1460 2202 1463 ·

1815 1507 1912 1547 uidit
1931 1520 2088 1548 socrum
2106 1511 2189 1549 eius

1814 1658 2006 1697 iacentem
2025 1667 2063 1699 et
2084 1660 2121 1699 fe

1812 1720 2053 1761 bricitantem
2082 1723 2155 1762 ¹⁶et

1811 1784 1934 1834 tetigit
1953 1797 2113 1823 manum
2132 1787 2216 1826 eius

1813 1851 1851 1883 et
1869 1847 2013 1885 remisit
2032 1860 2120 1886 eam
2137 1849 2175 1888 fe

1810 1907 1889 1946 bris
1935 1914 1973 1946 et
1992 1911 2155 1949 surrexit

1809 1976 1847 2008 et
1866 1971 2106 2011 ministrabat
2124 1975 2159 2012 ei
2174 1992 2182 2000 -

1809 2030 2017 2084 ¹⁶Uespere
2037 2042 2166 2074 autem
2185 2036 2248 2077 fac

1808 2102 1849 2134 to
1867 2117 1874 2125 -
1918 2099 2137 2146 optulerunt

1806 2158 1858 2195 illi
1878 2158 2128 2200 demoniacos

1807 2221 1949 2259 multos
2001 2222 2051 2260 Et
2069 2224 2165 2263 eicie

1807 2284 1874 2321 bat
1893 2287 1959 2333 sps
1978 2285 2188 2326 inmundos

1806 2345 1847 2383 in
1862 2347 1965 2387 uebo
2014 2347 2064 2387 Et
2083 2362 2223 2391 omnes

1807 2410 1908 2448 male
1928 2410 2115 2450 habentes

1806 2472 1974 2510 curauit·
2019 2472 2108 2513 1⁷Ut
2127 2475 2179 2514 ad

1803 2534 2024 2585 impleretur
2047 2538 2153 2588 quod

1802 2597 1948 2636 dictum
1968 2606 2026 2637 est
2042 2618 2050 2626 -
2080 2613 2150 2650 per

1800 2660 1945 2699 esaiam
1964 2661 2146 2712 profeta-

1800 2723 2015 2763 dicentem·
2057 2726 2151 2776 quia

1800 2786 1882 2837 ipse
1902 2787 2141 2828 infirmitates

1292 2847 1363 2886 isi·
1406 2846 1544 2902 J¹Dico
1563 2854 1695 2887 autem
1714 2861 1767 2890 uo
1800 2856 1953 2889 nostras
1974 2852 2122 2902 accepit

1649 2911 1711 2949 bis

1925 2987 1948 3013 C

2319 335 2400 371 1¹01.
2417 336 2475 371 17.
