2872 3268
2178 192 2253 232 161

628 507 1233 566 FRAGMENTUM
1297 510 1987 576 UINDOBONENSE
2011 509 2084 582 (v)

594 631 1067 680 EUANGELII
1136 632 1601 682 SECUNDUM
1659 631 2124 696 JOHANNEM

1050 744 1161 787 CAP.
1186 745 1316 786 XIX.
1342 753 1392 798 27
1417 745 1585 786 —XX.
1611 757 1674 786 11.

531 877 589 918 IN
620 877 892 921 Bibliotheca
923 879 1100 934 publica
1122 880 1456 922 Uindobonensi
1478 877 1612 936 (Hos-
1636 879 1731 921 und
1754 876 2167 935 Stadt-Bibliothek)
2202 879 2260 921 ad

458 946 628 987 initium
659 948 821 990 codicis
853 949 1001 990 Latini
1030 956 1127 1000 502,
1150 963 1263 991 saec.
1282 958 1351 997 IX,
1373 950 1441 992 cui
1471 949 1624 990 titulus
1642 949 1827 991 ‘Pactus
1857 949 1966 1003 legis
1998 946 2259 1002 Ripuariae,’

455 1015 609 1056 folium
636 1015 721 1058 hoc
742 1017 952 1059 uersionis
980 1019 1482 1072 ante-Hieronymianae
1510 1019 1751 1073 repositum
1779 1025 1858 1060 est.
1920 1018 2117 1059 Litterae
2146 1018 2261 1072 frag-

458 1077 601 1126 menti*
630 1085 791 1128 saeculi
822 1095 892 1128 VII
925 1088 1112 1130 ineuntis
1144 1089 1357 1140 uidentur,
1388 1089 1587 1142 quamuis
1619 1089 1662 1129 in
1698 1086 1903 1142 catalogo
1933 1087 2108 1130 saeculo
2143 1101 2260 1129 nono

457 1153 685 1197 tribuatur.

516 1224 690 1266 Folium
716 1239 773 1266 ex
801 1227 1056 1269 membrana
1076 1227 1190 1269 binis
1220 1226 1446 1277 columnis,
1467 1226 1591 1268 lineis
1623 1227 1665 1267 in
1696 1239 1957 1280 unaquaque
1983 1225 2174 1280 triginta,
2203 1226 2260 1267 ad

457 1304 659 1332 normam
693 1293 917 1342 ordinatis,
948 1293 1160 1348 scriptum
1192 1300 1270 1335 est.
1331 1293 1528 1335 Litterae
1559 1292 1781 1334 breuiores
1812 1299 1912 1334 sunt
1945 1298 1989 1334 et
2020 1292 2259 1341 crassiores,

455 1374 543 1401 non
573 1367 719 1402 tamen
751 1375 921 1403 crassae
951 1376 1030 1405 nec
1060 1369 1220 1417 turpes,
1241 1376 1426 1417 quarum
1459 1363 1501 1403 in
1530 1363 1670 1417 prima
1698 1362 1859 1416 pagina
1886 1362 2068 1403 umbrae
2088 1367 2260 1403 tantum

458 1436 635 1480 restant,
657 1431 769 1472 adeo
791 1438 1085 1474 atramentum
1115 1432 1203 1473 fere
1230 1438 1375 1474 totum
1406 1432 1582 1473 interiit.
1645 1432 1696 1472 In
1718 1431 1856 1473 altera
1876 1444 1964 1472 non
1985 1430 2078 1472 sine
2099 1444 2261 1485 magna

458 1512 560 1540 cura
587 1498 674 1553 legi
703 1507 897 1554 possunt.
960 1502 1159 1543 Dextera
1188 1508 1315 1556 parte
1340 1500 1493 1542 folium
1514 1507 1765 1543 truncatum
1788 1506 1854 1542 est
1870 1517 1880 1551 ;
1912 1500 2031 1554 quod
2061 1506 2260 1554 superest

457 1565 528 1607 hic
559 1564 645 1607 illic
676 1565 878 1607 mutilum
906 1574 983 1619 est,
1009 1567 1148 1609 altum
1170 1568 1450 1609 centimetros
1468 1575 1578 1622 23.5,
1594 1566 1732 1608 latum
1754 1567 1950 1608 maxima
1971 1565 2261 1620 amplitudine

462 1634 557 1686 16.5
606 1641 650 1676 et
698 1635 881 1678 minima
933 1643 1040 1689 15.4.
1117 1637 1445 1692 Exscripsimus
1486 1650 1659 1678 summa
1700 1649 1800 1678 cum
1841 1635 2066 1689 diligentia
2106 1635 2260 1677 diebus

460 1702 665 1745 Octobris
688 1714 823 1755 XXIV,
846 1714 961 1756 xxv,
984 1715 1079 1746 ΑΛ).
1104 1705 1228 1759 1887.

517 1773 750 1815 Lectiones
777 1788 865 1815 non
891 1788 1064 1829 semper
1084 1775 1353 1818 concordant
1374 1787 1473 1816 cum
1499 1773 1723 1816 codicibus
1754 1773 1869 1815 notis
1890 1779 1996 1815 uett.
2020 1773 2114 1815 latt.
2137 1773 2211 1815 ubi
2233 1787 2260 1815 a

459 1841 640 1895 uulgata
660 1843 1009 1897 Hieronymiana
1026 1845 1286 1899 discrepant.
1331 1843 1542 1898 Exempli
1559 1843 1702 1898 gratia
1722 1843 1908 1897 legimus
1932 1842 2026 1884 xix.
2047 1852 2098 1895 27
2114 1843 2161 1884 in
2179 1856 2260 1884 sua

447 1917 703 1965 potestatem
734 1910 811 1967 (εἷς
841 1914 890 1953 τὰ
920 1913 1012 1964 ἴδια,
1033 1928 1172 1955 secum
1198 1928 1251 1963 e3
1281 1913 1327 1955 in
1352 1927 1433 1955 sua
1463 1927 1500 1963 a,
1522 1914 1563 1962 b,
1587 1912 1614 1960 f,
1636 1912 1679 1963 ff,
1700 1926 1742 1966 q,
1767 1925 1852 1966 vg;
1887 1926 1968 1953 om.
1991 1909 2044 1968 c).
2103 1910 2171 1953 Ib.
2204 1923 2257 1965 29

446 1981 609 2034 pertice
648 1978 753 2037 (-ae)
792 1982 1161 2036 circumponentes,
1207 1996 1305 2025 cum
1347 1982 1385 2023 ff
1424 1981 1548 2032 solo;
1596 1981 1651 2023 ib.
1702 1992 1760 2036 34
1802 1980 1917 2022 latus
1958 1981 2049 2022 eius
2080 1981 2265 2035 pepugit

455 2047 669 2105 (pupugit,
700 2048 748 2106 b)
784 2065 841 2092 ex
870 2065 1028 2106 graeco
1063 2051 1178 2104 ἔνυξε
1217 2050 1289 2107 (cf.
1312 2052 1531 2105 percussit
1558 2065 1596 2100 a,
1622 2050 1665 2102 ff,
1686 2050 1904 2104 percussit
1931 2056 1975 2092 et
1990 2050 2190 2103 perfodit
2217 2064 2259 2104 q,

445 2119 643 2173 perfodit
665 2132 699 2169 e,
721 2120 908 2162 inseruit
925 2135 975 2172 e;
1013 2128 1164 2164 contra
1184 2122 1363 2175 aperuit,
1385 2135 1443 2162 ex
1464 2121 1662 2162 itacismo
1683 2118 1830 2171 ἤνοιξε,
1851 2119 1879 2169 f,
1899 2116 1986 2176 vg).
2050 2119 2115 2160 Ib.
2137 2127 2190 2174 37
2214 2125 2259 2161 et

456 2188 614 2229 iterum
655 2202 740 2230 om.
782 2189 875 2231 alia
914 2191 1134 2244 scriptura
1172 2191 1282 2232 dicit
1319 2190 1389 2232 vel
1430 2190 1584 2240 simile,
1625 2189 1746 2243 quod
1776 2188 1819 2230 in
1860 2188 2015 2230 ceteris
2060 2187 2257 2229 habetur.

428 2273 432 2275 ’
458 2257 663 2299 Ceterum
696 2259 984 2314 negligentius
1017 2261 1204 2314 scriptus
1235 2266 1300 2302 est
1326 2261 1481 2309 codeX,
1515 2259 1670 2301 litteris
1701 2264 1745 2300 et
1776 2258 1921 2299 uerbis
1948 2257 2018 2299 hic
2053 2257 2141 2299 illic
2180 2271 2259 2312 per

456 2326 664 2368 incuriam
687 2329 868 2382 perditis
890 2325 992 2385 (e.g.
1016 2329 1160 2372 inclito
1191 2344 1270 2385 pro
1302 2327 1538 2385 inclinato),
1559 2334 1603 2370 et
1633 2328 1949 2383 grammaticae
1981 2326 2139 2381 regulis
2169 2340 2257 2368 non

455 2395 649 2437 seruatis.

1955 2465 1995 2518 J.
2026 2463 2071 2506 s,

1958 2545 2015 2587 H.
2046 2545 2086 2599 J.
2109 2544 2180 2587 W.
