<?xml version="1.0" encoding="UTF-8"?>
<!DOCTYPE html PUBLIC "-//W3C//DTD XHTML 1.0 Transitional//EN"
    "http://www.w3.org/TR/xhtml1/DTD/xhtml1-transitional.dtd">
<html xmlns="http://www.w3.org/1999/xhtml" xml:lang="en" lang="en">
 <head>
  <title>
</title>
<meta http-equiv="Content-Type" content="text/html;charset=utf-8" />
  <meta name='ocr-system' content='tesseract 3.04.00' />
  <meta name='ocr-capabilities' content='ocr_page ocr_carea ocr_par ocr_line ocrx_word'/>
</head>
<body>
  <div class='ocr_page' id='page_1' title='image "./fourgospelsfromm00whit_0180.png"; bbox 0 0 2872 3268; ppageno 0'>
   <div class='ocr_carea' id='block_1_1' title="bbox 575 199 2570 250">
    <p class='ocr_par' dir='ltr' id='par_1_1' title="bbox 575 199 2570 250">
     <span class='ocr_line' id='line_1_1' title="bbox 575 199 2570 250; baseline 0.004 -12"><span class='ocrx_word' id='word_1_1' title='bbox 575 213 655 244; x_wconf 83' lang='lat'>122</span> <span class='ocrx_word' id='word_1_2' title='bbox 1489 199 1625 241; x_wconf 86' lang='lat' dir='ltr'><em>SEC‚</em></span> <span class='ocrx_word' id='word_1_3' title='bbox 1645 220 1653 230; x_wconf 93' lang='lat'><strong>·</strong></span> <span class='ocrx_word' id='word_1_4' title='bbox 1823 215 1826 219; x_wconf 90' lang='lat'>·</span> <span class='ocrx_word' id='word_1_5' title='bbox 2218 207 2312 250; x_wconf 83' lang='lat' dir='ltr'>[vn.</span> <span class='ocrx_word' id='word_1_6' title='bbox 2328 210 2497 245; x_wconf 77' lang='lat' dir='ltr'>as-vm.</span> <span class='ocrx_word' id='word_1_7' title='bbox 2517 220 2570 246; x_wconf 82' lang='lat'>20.</span> 
     </span>
    </p>
   </div>
   <div class='ocr_carea' id='block_1_2' title="bbox 360 315 2767 492">
    <p class='ocr_par' dir='ltr' id='par_1_2' title="bbox 360 315 2767 492">
     <span class='ocr_line' id='line_1_2' title="bbox 360 315 2767 367; baseline 0.004 -16"><span class='ocrx_word' id='word_1_8' title='bbox 360 320 441 353; x_wconf 68' lang='lat' dir='ltr'>Pol.</span> <span class='ocrx_word' id='word_1_9' title='bbox 457 320 536 355; x_wconf 73' lang='lat'><strong>1¹14·</strong></span> <span class='ocrx_word' id='word_1_10' title='bbox 569 319 703 358; x_wconf 88' lang='lat' dir='ltr'>dicens</span> <span class='ocrx_word' id='word_1_11' title='bbox 718 340 727 351; x_wconf 90' lang='lat'><strong>·</strong></span> <span class='ocrx_word' id='word_1_12' title='bbox 767 319 885 359; x_wconf 86' lang='lat' dir='ltr'>etiam</span> <span class='ocrx_word' id='word_1_13' title='bbox 1069 318 1241 357; x_wconf 88' lang='lat' dir='ltr'>dicerent</span> <span class='ocrx_word' id='word_1_14' title='bbox 1257 338 1265 347; x_wconf 92' lang='lat'><em>·</em></span> <span class='ocrx_word' id='word_1_15' title='bbox 1283 337 1291 347; x_wconf 92' lang='lat'><strong>·</strong></span> <span class='ocrx_word' id='word_1_16' title='bbox 1333 328 1439 367; x_wconf 86' lang='lat' dir='ltr'>quan</span> <span class='ocrx_word' id='word_1_17' title='bbox 1605 322 1644 355; x_wconf 88' lang='lat' dir='ltr'>et</span> <span class='ocrx_word' id='word_1_18' title='bbox 1663 315 1768 355; x_wconf 89' lang='lat' dir='ltr'>dedit</span> <span class='ocrx_word' id='word_1_19' title='bbox 1787 315 1986 367; x_wconf 85' lang='lat' dir='ltr'>discipulis</span> <span class='ocrx_word' id='word_1_20' title='bbox 2107 316 2253 356; x_wconf 91' lang='lat' dir='ltr'>Iterum</span> <span class='ocrx_word' id='word_1_21' title='bbox 2273 331 2391 358; x_wconf 86' lang='lat' dir='ltr'>ascen</span> <span class='ocrx_word' id='word_1_22' title='bbox 2591 327 2675 362; x_wconf 70' lang='lat'><strong>1⁸01.</strong></span> <span class='ocrx_word' id='word_1_23' title='bbox 2689 323 2767 363; x_wconf 74' lang='grc'>178.</span> 
     </span>
     <span class='ocr_line' id='line_1_3' title="bbox 569 378 2449 430; baseline -0.001 -9"><span class='ocrx_word' id='word_1_24' title='bbox 569 382 646 423; x_wconf 76' lang='lat' dir='ltr'>dfie</span> <span class='ocrx_word' id='word_1_25' title='bbox 684 394 777 421; x_wconf 87' lang='lat' dir='ltr'>nam</span> <span class='ocrx_word' id='word_1_26' title='bbox 796 388 835 420; x_wconf 92' lang='lat' dir='ltr'>et</span> <span class='ocrx_word' id='word_1_27' title='bbox 854 378 952 421; x_wconf 88' lang='lat' dir='ltr'>catel</span> <span class='ocrx_word' id='word_1_28' title='bbox 1069 387 1151 419; x_wconf 91' lang='lat' dir='ltr'>tum</span> <span class='ocrx_word' id='word_1_29' title='bbox 1165 386 1295 418; x_wconf 90' lang='lat' dir='ltr'>autem</span> <span class='ocrx_word' id='word_1_30' title='bbox 1316 379 1372 418; x_wconf 90' lang='lat' dir='ltr'>eis</span> <span class='ocrx_word' id='word_1_31' title='bbox 1606 379 1685 418; x_wconf 90' lang='lat' dir='ltr'>suis</span> <span class='ocrx_word' id='word_1_32' title='bbox 1727 385 1769 418; x_wconf 91' lang='lat' dir='ltr'>ut</span> <span class='ocrx_word' id='word_1_33' title='bbox 1789 379 1946 430; x_wconf 87' lang='lat' dir='ltr'>adpone</span> <span class='ocrx_word' id='word_1_34' title='bbox 2107 379 2204 419; x_wconf 91' lang='lat' dir='ltr'>dens</span> <span class='ocrx_word' id='word_1_35' title='bbox 2223 380 2264 419; x_wconf 90' lang='lat' dir='ltr'>in</span> <span class='ocrx_word' id='word_1_36' title='bbox 2282 392 2426 420; x_wconf 90' lang='lat' dir='ltr'>nauem</span> <span class='ocrx_word' id='word_1_37' title='bbox 2437 388 2449 397; x_wconf 67' lang='lat'><em>²</em></span> 
     </span>
     <span class='ocr_line' id='line_1_4' title="bbox 568 441 2382 492; baseline -0.001 -9"><span class='ocrx_word' id='word_1_38' title='bbox 568 444 594 483; x_wconf 96' lang='lat' dir='ltr'>li</span> <span class='ocrx_word' id='word_1_39' title='bbox 615 445 751 483; x_wconf 87' lang='lat' dir='ltr'><strong>subtus</strong></span> <span class='ocrx_word' id='word_1_40' title='bbox 770 447 907 482; x_wconf 70' lang='lat' dir='ltr'>mensa</span> <span class='ocrx_word' id='word_1_41' title='bbox 1068 442 1304 492; x_wconf 83' lang='lat' dir='ltr'>precipiebat</span> <span class='ocrx_word' id='word_1_42' title='bbox 1323 447 1362 480; x_wconf 89' lang='lat' dir='ltr'>at</span> <span class='ocrx_word' id='word_1_43' title='bbox 1603 448 1689 480; x_wconf 90' lang='lat' dir='ltr'>rent</span> <span class='ocrx_word' id='word_1_44' title='bbox 1731 447 1769 480; x_wconf 93' lang='lat' dir='ltr'>et</span> <span class='ocrx_word' id='word_1_45' title='bbox 1787 441 1939 492; x_wconf 89' lang='lat' dir='ltr'>adposu</span> <span class='ocrx_word' id='word_1_46' title='bbox 2105 443 2198 481; x_wconf 92' lang='lat' dir='ltr'>abiit</span> <span class='ocrx_word' id='word_1_47' title='bbox 2217 443 2382 482; x_wconf 90' lang='lat' dir='ltr'>transfre</span> 
     </span>
    </p>
   </div>
   <div class='ocr_carea' id='block_1_3' title="bbox 2825 0 2872 754">
    <p class='ocr_par' dir='ltr' id='par_1_3' title="bbox 2825 0 2872 754">
     <span class='ocr_line' id='line_1_5' title="bbox 2825 0 2872 754; baseline 0 2514"><span class='ocrx_word' id='word_1_48' title='bbox 2825 0 2872 754; x_wconf 95' lang='lat' dir='ltr'> </span> 
     </span>
    </p>
   </div>
   <div class='ocr_carea' id='block_1_4' title="bbox 555 503 2872 2956">
    <p class='ocr_par' dir='ltr' id='par_1_4' title="bbox 555 503 2872 2956">
     <span class='ocr_line' id='line_1_6' title="bbox 569 503 2546 554; baseline 0 -9"><span class='ocrx_word' id='word_1_49' title='bbox 569 506 714 546; x_wconf 87' lang='lat' dir='ltr'>aedunt</span> <span class='ocrx_word' id='word_1_50' title='bbox 733 506 781 545; x_wconf 93' lang='lat' dir='ltr'>de</span> <span class='ocrx_word' id='word_1_51' title='bbox 800 506 911 544; x_wconf 90' lang='lat' dir='ltr'>micis</span> <span class='ocrx_word' id='word_1_52' title='bbox 1069 504 1120 542; x_wconf 90' lang='lat' dir='ltr'>illi</span> <span class='ocrx_word' id='word_1_53' title='bbox 1139 510 1247 542; x_wconf 87' lang='lat' dir='ltr'>tanto</span> <span class='ocrx_word' id='word_1_54' title='bbox 1267 503 1392 554; x_wconf 86' lang='lat' dir='ltr'>magis</span> <span class='ocrx_word' id='word_1_55' title='bbox 1603 509 1716 542; x_wconf 90' lang='lat' dir='ltr'>erunt</span> <span class='ocrx_word' id='word_1_56' title='bbox 1735 509 1826 542; x_wconf 90' lang='lat' dir='ltr'>ante</span> <span class='ocrx_word' id='word_1_57' title='bbox 1845 504 1973 544; x_wconf 67' lang='lat' dir='ltr'>turbas</span> <span class='ocrx_word' id='word_1_58' title='bbox 2105 511 2187 543; x_wconf 90' lang='lat' dir='ltr'>tum</span> <span class='ocrx_word' id='word_1_59' title='bbox 2226 503 2256 526; x_wconf 74' lang='lat'>²⁴</span> <span class='ocrx_word' id='word_1_60' title='bbox 2271 511 2309 544; x_wconf 90' lang='lat' dir='ltr'>et</span> <span class='ocrx_word' id='word_1_61' title='bbox 2327 506 2436 545; x_wconf 89' lang='lat' dir='ltr'>obliti</span> <span class='ocrx_word' id='word_1_62' title='bbox 2456 512 2546 545; x_wconf 90' lang='lat' dir='ltr'>sunt</span> 
     </span>
     <span class='ocr_line' id='line_1_7' title="bbox 568 565 2448 619; baseline 0 -12"><span class='ocrx_word' id='word_1_63' title='bbox 568 580 779 619; x_wconf 90' lang='lat' dir='ltr'>puerorum</span> <span class='ocrx_word' id='word_1_64' title='bbox 797 589 805 598; x_wconf 91' lang='lat'><strong>·</strong></span> <span class='ocrx_word' id='word_1_65' title='bbox 835 566 863 589; x_wconf 81' lang='lat'>²⁹</span> <span class='ocrx_word' id='word_1_66' title='bbox 875 567 925 605; x_wconf 91' lang='lat' dir='ltr'>Et</span> <span class='ocrx_word' id='word_1_67' title='bbox 1067 565 1319 616; x_wconf 89' lang='lat' dir='ltr'>predicabant</span> <span class='ocrx_word' id='word_1_68' title='bbox 1604 565 1618 587; x_wconf 83' lang='lat'>⁷</span> <span class='ocrx_word' id='word_1_69' title='bbox 1630 565 1843 604; x_wconf 88' lang='lat' dir='ltr'>Habebant</span> <span class='ocrx_word' id='word_1_70' title='bbox 1862 573 1995 605; x_wconf 90' lang='lat' dir='ltr'>autem</span> <span class='ocrx_word' id='word_1_71' title='bbox 2104 579 2227 618; x_wconf 90' lang='lat' dir='ltr'>panes</span> <span class='ocrx_word' id='word_1_72' title='bbox 2247 579 2399 607; x_wconf 89' lang='lat' dir='ltr'>sumere</span> <span class='ocrx_word' id='word_1_73' title='bbox 2415 589 2424 599; x_wconf 91' lang='lat'><strong>·</strong></span> <span class='ocrx_word' id='word_1_74' title='bbox 2439 589 2448 598; x_wconf 89' lang='lat'><strong>·</strong></span> 
     </span>
     <span class='ocr_line' id='line_1_8' title="bbox 569 627 2499 680; baseline -0.001 -11"><span class='ocrx_word' id='word_1_75' title='bbox 569 631 620 670; x_wconf 90' lang='lat' dir='ltr'>ait</span> <span class='ocrx_word' id='word_1_76' title='bbox 640 631 715 668; x_wconf 90' lang='lat' dir='ltr'>illi·</span> <span class='ocrx_word' id='word_1_77' title='bbox 744 629 843 668; x_wconf 88' lang='lat' dir='ltr'>uade</span> <span class='ocrx_word' id='word_1_78' title='bbox 863 637 955 679; x_wconf 79' lang='lat' dir='ltr'>prop</span> <span class='ocrx_word' id='word_1_79' title='bbox 1067 628 1096 650; x_wconf 79' lang='lat'>⁸⁷</span> <span class='ocrx_word' id='word_1_80' title='bbox 1109 634 1146 666; x_wconf 92' lang='lat' dir='ltr'>et</span> <span class='ocrx_word' id='word_1_81' title='bbox 1165 640 1214 666; x_wconf 94' lang='lat' dir='ltr'>eo</span> <span class='ocrx_word' id='word_1_82' title='bbox 1234 627 1401 678; x_wconf 90' lang='lat' dir='ltr'>amplius</span> <span class='ocrx_word' id='word_1_83' title='bbox 1421 628 1475 667; x_wconf 89' lang='lat' dir='ltr'>mi</span> <span class='ocrx_word' id='word_1_84' title='bbox 1602 634 1639 667; x_wconf 91' lang='lat' dir='ltr'>et</span> <span class='ocrx_word' id='word_1_85' title='bbox 1663 640 1812 679; x_wconf 91' lang='lat' dir='ltr'>paucos</span> <span class='ocrx_word' id='word_1_86' title='bbox 1831 629 1975 679; x_wconf 73' lang='lat' dir='ltr'>piscicu</span> <span class='ocrx_word' id='word_1_87' title='bbox 2106 628 2192 668; x_wconf 90' lang='lat' dir='ltr'>Nisi</span> <span class='ocrx_word' id='word_1_88' title='bbox 2211 642 2334 668; x_wconf 92' lang='lat' dir='ltr'>unum</span> <span class='ocrx_word' id='word_1_89' title='bbox 2354 642 2499 680; x_wconf 89' lang='lat' dir='ltr'>panem</span> 
     </span>
     <span class='ocr_line' id='line_1_9' title="bbox 567 689 2449 742; baseline 0 -11"><span class='ocrx_word' id='word_1_90' title='bbox 567 699 624 731; x_wconf 89' lang='lat' dir='ltr'>ter</span> <span class='ocrx_word' id='word_1_91' title='bbox 643 693 717 731; x_wconf 93' lang='lat' dir='ltr'>hoc</span> <span class='ocrx_word' id='word_1_92' title='bbox 737 693 900 730; x_wconf 86' lang='lat' dir='ltr'>uerbum</span> <span class='ocrx_word' id='word_1_93' title='bbox 1067 691 1251 729; x_wconf 90' lang='lat' dir='ltr'>rabantur</span> <span class='ocrx_word' id='word_1_94' title='bbox 1297 690 1411 730; x_wconf 93' lang='lat' dir='ltr'>dicen</span> <span class='ocrx_word' id='word_1_95' title='bbox 1601 691 1661 730; x_wconf 92' lang='lat' dir='ltr'>los</span> <span class='ocrx_word' id='word_1_96' title='bbox 1674 708 1683 721; x_wconf 69' lang='grc' dir='ltr'><strong>ι</strong></span> <span class='ocrx_word' id='word_1_97' title='bbox 1723 697 1761 730; x_wconf 93' lang='lat' dir='ltr'>et</span> <span class='ocrx_word' id='word_1_98' title='bbox 1780 689 1920 742; x_wconf 76' lang='lat' dir='ltr'>gratias</span> <span class='ocrx_word' id='word_1_99' title='bbox 1940 703 1963 730; x_wconf 89' lang='lat' dir='ltr'>a</span> <span class='ocrx_word' id='word_1_100' title='bbox 2105 703 2224 742; x_wconf 91' lang='lat' dir='ltr'>quem</span> <span class='ocrx_word' id='word_1_101' title='bbox 2245 703 2379 731; x_wconf 88' lang='lat' dir='ltr'>secum</span> <span class='ocrx_word' id='word_1_102' title='bbox 2399 692 2449 731; x_wconf 89' lang='lat' dir='ltr'>ha</span> 
     </span>
     <span class='ocr_line' id='line_1_10' title="bbox 567 753 2464 803; baseline -0.001 -9"><span class='ocrx_word' id='word_1_103' title='bbox 567 755 659 794; x_wconf 84' lang='lat' dir='ltr'>exiit</span> <span class='ocrx_word' id='word_1_104' title='bbox 679 754 906 792; x_wconf 91' lang='lat' dir='ltr'>demonium</span> <span class='ocrx_word' id='word_1_105' title='bbox 1066 759 1124 792; x_wconf 92' lang='lat' dir='ltr'>tes</span> <span class='ocrx_word' id='word_1_106' title='bbox 1166 754 1267 792; x_wconf 90' lang='lat' dir='ltr'>bene</span> <span class='ocrx_word' id='word_1_107' title='bbox 1287 753 1397 792; x_wconf 89' lang='lat' dir='ltr'>omni</span> <span class='ocrx_word' id='word_1_108' title='bbox 1602 765 1700 803; x_wconf 87' lang='lat' dir='ltr'>gens</span> <span class='ocrx_word' id='word_1_109' title='bbox 1716 774 1726 783; x_wconf 90' lang='lat'><strong>·</strong></span> <span class='ocrx_word' id='word_1_110' title='bbox 1768 754 1878 792; x_wconf 92' lang='lat' dir='ltr'>iussit</span> <span class='ocrx_word' id='word_1_111' title='bbox 1897 759 1935 792; x_wconf 92' lang='lat' dir='ltr'>et</span> <span class='ocrx_word' id='word_1_112' title='bbox 1954 753 1980 792; x_wconf 85' lang='lat' dir='ltr'>il</span> <span class='ocrx_word' id='word_1_113' title='bbox 2105 755 2249 792; x_wconf 90' lang='lat' dir='ltr'>bebant</span> <span class='ocrx_word' id='word_1_114' title='bbox 2269 755 2309 793; x_wconf 92' lang='lat' dir='ltr'>in</span> <span class='ocrx_word' id='word_1_115' title='bbox 2329 761 2464 793; x_wconf 65' lang='lat' dir='ltr'>naue*</span> 
     </span>
     <span class='ocr_line' id='line_1_11' title="bbox 567 815 2539 868; baseline 0.001 -13"><span class='ocrx_word' id='word_1_116' title='bbox 567 830 589 856; x_wconf 90' lang='lat' dir='ltr'>a</span> <span class='ocrx_word' id='word_1_117' title='bbox 604 817 680 855; x_wconf 87' lang='lat' dir='ltr'>filia</span> <span class='ocrx_word' id='word_1_118' title='bbox 698 823 764 854; x_wconf 87' lang='lat' dir='ltr'>tua</span> <span class='ocrx_word' id='word_1_119' title='bbox 781 837 789 846; x_wconf 92' lang='lat'><strong>·</strong></span> <span class='ocrx_word' id='word_1_120' title='bbox 804 836 813 846; x_wconf 89' lang='lat'><strong>·</strong></span> <span class='ocrx_word' id='word_1_121' title='bbox 843 815 873 837; x_wconf 77' lang='lat'>⁸⁰</span> <span class='ocrx_word' id='word_1_122' title='bbox 885 821 923 855; x_wconf 93' lang='lat' dir='ltr'>et</span> <span class='ocrx_word' id='word_1_123' title='bbox 941 818 991 854; x_wconf 77' lang='grc' dir='ltr'>οῦ</span> <span class='ocrx_word' id='word_1_124' title='bbox 1066 816 1140 854; x_wconf 92' lang='lat' dir='ltr'>bus</span> <span class='ocrx_word' id='word_1_125' title='bbox 1159 815 1248 854; x_wconf 90' lang='lat' dir='ltr'>fecit</span> <span class='ocrx_word' id='word_1_126' title='bbox 1293 821 1331 854; x_wconf 90' lang='lat' dir='ltr'>et</span> <span class='ocrx_word' id='word_1_127' title='bbox 1351 827 1417 854; x_wconf 90' lang='lat' dir='ltr'>sur</span> <span class='ocrx_word' id='word_1_128' title='bbox 1602 815 1662 854; x_wconf 87' lang='lat' dir='ltr'>los</span> <span class='ocrx_word' id='word_1_129' title='bbox 1682 815 1826 866; x_wconf 88' lang='lat' dir='ltr'>adponi</span> <span class='ocrx_word' id='word_1_130' title='bbox 1841 836 1850 846; x_wconf 90' lang='lat'><strong>·</strong></span> <span class='ocrx_word' id='word_1_131' title='bbox 1879 816 1893 837; x_wconf 81' lang='lat'><strong>⁸</strong></span> <span class='ocrx_word' id='word_1_132' title='bbox 1906 823 1944 855; x_wconf 92' lang='lat' dir='ltr'>et</span> <span class='ocrx_word' id='word_1_133' title='bbox 2106 815 2134 837; x_wconf 79' lang='lat'>²⁵</span> <span class='ocrx_word' id='word_1_134' title='bbox 2145 815 2196 855; x_wconf 92' lang='lat' dir='ltr'>Et</span> <span class='ocrx_word' id='word_1_135' title='bbox 2215 818 2388 868; x_wconf 88' lang='lat' dir='ltr'>precepit</span> <span class='ocrx_word' id='word_1_136' title='bbox 2407 818 2479 857; x_wconf 90' lang='lat' dir='ltr'>illis</span> <span class='ocrx_word' id='word_1_137' title='bbox 2499 817 2539 857; x_wconf 90' lang='lat' dir='ltr'>di</span> 
     </span>
     <span class='ocr_line' id='line_1_12' title="bbox 566 877 2872 927; baseline 0.001 -10"><span class='ocrx_word' id='word_1_138' title='bbox 566 879 733 917; x_wconf 88' lang='lat' dir='ltr'>uenisset</span> <span class='ocrx_word' id='word_1_139' title='bbox 747 878 867 916; x_wconf 72' lang='lat' dir='ltr'>domu</span> <span class='ocrx_word' id='word_1_140' title='bbox 1066 877 1139 916; x_wconf 91' lang='lat' dir='ltr'>dos</span> <span class='ocrx_word' id='word_1_141' title='bbox 1158 877 1246 916; x_wconf 89' lang='lat' dir='ltr'>fecit</span> <span class='ocrx_word' id='word_1_142' title='bbox 1265 878 1396 916; x_wconf 88' lang='lat' dir='ltr'>audire</span> <span class='ocrx_word' id='word_1_143' title='bbox 1603 878 1938 917; x_wconf 87' lang='lat' dir='ltr'>manducauerunt</span> <span class='ocrx_word' id='word_1_144' title='bbox 1951 900 1959 909; x_wconf 91' lang='lat'><strong>·</strong></span> <span class='ocrx_word' id='word_1_145' title='bbox 2105 891 2197 918; x_wconf 90' lang='lat' dir='ltr'>cens</span> <span class='ocrx_word' id='word_1_146' title='bbox 2239 879 2369 919; x_wconf 88' lang='lat' dir='ltr'>uidete</span> <span class='ocrx_word' id='word_1_147' title='bbox 2385 893 2408 919; x_wconf 89' lang='lat' dir='ltr'>a</span> <span class='ocrx_word' id='word_1_148' title='bbox 2857 897 2872 927; x_wconf 66' lang='lat'>-2</span> 
     </span>
     <span class='ocr_line' id='line_1_13' title="bbox 565 940 2428 991; baseline 0.001 -12"><span class='ocrx_word' id='word_1_149' title='bbox 565 941 712 979; x_wconf 92' lang='lat' dir='ltr'>inuenit</span> <span class='ocrx_word' id='word_1_150' title='bbox 731 940 849 978; x_wconf 86' lang='lat' dir='ltr'>filiam</span> <span class='ocrx_word' id='word_1_151' title='bbox 869 952 916 979; x_wconf 91' lang='lat' dir='ltr'>su</span> <span class='ocrx_word' id='word_1_152' title='bbox 1065 947 1104 979; x_wconf 93' lang='lat' dir='ltr'>et</span> <span class='ocrx_word' id='word_1_153' title='bbox 1123 948 1255 979; x_wconf 91' lang='lat' dir='ltr'>mutos</span> <span class='ocrx_word' id='word_1_154' title='bbox 1274 940 1382 991; x_wconf 91' lang='lat' dir='ltr'>loqui</span> <span class='ocrx_word' id='word_1_155' title='bbox 1396 962 1452 970; x_wconf 91' lang='lat'>——</span> <span class='ocrx_word' id='word_1_156' title='bbox 1603 947 1640 980; x_wconf 93' lang='lat' dir='ltr'>et</span> <span class='ocrx_word' id='word_1_157' title='bbox 1660 941 1817 980; x_wconf 89' lang='lat' dir='ltr'>saturati</span> <span class='ocrx_word' id='word_1_158' title='bbox 1837 948 1928 980; x_wconf 89' lang='lat' dir='ltr'>sunt</span> <span class='ocrx_word' id='word_1_159' title='bbox 1945 963 1954 972; x_wconf 92' lang='lat'><strong>·</strong></span> <span class='ocrx_word' id='word_1_160' title='bbox 2103 941 2293 981; x_wconf 90' lang='lat' dir='ltr'>fermento</span> <span class='ocrx_word' id='word_1_161' title='bbox 2314 942 2428 982; x_wconf 87' lang='lat' dir='ltr'>farise</span> 
     </span>
     <span class='ocr_line' id='line_1_14' title="bbox 565 1001 2461 1044; baseline 0.001 -2"><span class='ocrx_word' id='word_1_162' title='bbox 565 1016 629 1042; x_wconf 89' lang='lat' dir='ltr'>am</span> <span class='ocrx_word' id='word_1_163' title='bbox 649 1004 823 1041; x_wconf 76' lang='lat' dir='ltr'>iactatam</span> <span class='ocrx_word' id='word_1_164' title='bbox 843 1003 883 1040; x_wconf 92' lang='lat' dir='ltr'>in</span> <span class='ocrx_word' id='word_1_165' title='bbox 902 1003 960 1041; x_wconf 92' lang='lat' dir='ltr'>lec</span> <span class='ocrx_word' id='word_1_166' title='bbox 1033 1001 1052 1023; x_wconf 92' lang='lat'><em>*</em></span> <span class='ocrx_word' id='word_1_167' title='bbox 1072 1007 1110 1042; x_wconf 89' lang='lat'>8.</span> <span class='ocrx_word' id='word_1_168' title='bbox 1127 1003 1140 1024; x_wconf 93' lang='grc'><strong>1</strong></span> <span class='ocrx_word' id='word_1_169' title='bbox 1153 1004 1201 1042; x_wconf 92' lang='lat' dir='ltr'>In</span> <span class='ocrx_word' id='word_1_170' title='bbox 1220 1003 1291 1042; x_wconf 93' lang='lat' dir='ltr'>illis</span> <span class='ocrx_word' id='word_1_171' title='bbox 1311 1010 1442 1043; x_wconf 86' lang='lat' dir='ltr'>autem</span> <span class='ocrx_word' id='word_1_172' title='bbox 1461 1003 1522 1043; x_wconf 90' lang='lat' dir='ltr'>die</span> <span class='ocrx_word' id='word_1_173' title='bbox 1603 1003 1654 1042; x_wconf 90' lang='lat' dir='ltr'>Et</span> <span class='ocrx_word' id='word_1_174' title='bbox 1674 1003 1909 1042; x_wconf 90' lang='lat' dir='ltr'>sustulerunt</span> <span class='ocrx_word' id='word_1_175' title='bbox 2103 1008 2175 1042; x_wconf 67' lang='lat' dir='ltr'>ort-1</span> <span class='ocrx_word' id='word_1_176' title='bbox 2213 1010 2251 1043; x_wconf 91' lang='lat' dir='ltr'>et</span> <span class='ocrx_word' id='word_1_177' title='bbox 2270 1016 2293 1043; x_wconf 93' lang='lat' dir='ltr'>a</span> <span class='ocrx_word' id='word_1_178' title='bbox 2312 1003 2461 1044; x_wconf 89' lang='lat' dir='ltr'>fermen</span> 
     </span>
     <span class='ocr_line' id='line_1_15' title="bbox 565 1064 2529 1116; baseline 0.002 -12"><span class='ocrx_word' id='word_1_179' title='bbox 565 1073 606 1104; x_wconf 90' lang='lat' dir='ltr'>to</span> <span class='ocrx_word' id='word_1_180' title='bbox 623 1086 631 1095; x_wconf 94' lang='lat'><strong>·</strong></span> <span class='ocrx_word' id='word_1_181' title='bbox 671 1072 709 1104; x_wconf 90' lang='lat' dir='ltr'>et</span> <span class='ocrx_word' id='word_1_182' title='bbox 729 1065 913 1104; x_wconf 73' lang='lat' dir='ltr'>demonifi</span> <span class='ocrx_word' id='word_1_183' title='bbox 1032 1064 1051 1086; x_wconf 93' lang='lat'><strong>*</strong></span> <span class='ocrx_word' id='word_1_184' title='bbox 1071 1068 1144 1106; x_wconf 91' lang='lat' dir='ltr'>bus</span> <span class='ocrx_word' id='word_1_185' title='bbox 1184 1079 1277 1106; x_wconf 91' lang='lat' dir='ltr'>cum</span> <span class='ocrx_word' id='word_1_186' title='bbox 1296 1067 1416 1106; x_wconf 89' lang='lat' dir='ltr'>multa</span> <span class='ocrx_word' id='word_1_187' title='bbox 1603 1066 1711 1116; x_wconf 93' lang='lat' dir='ltr'>quod</span> <span class='ocrx_word' id='word_1_188' title='bbox 1731 1078 1827 1116; x_wconf 87' lang='lat' dir='ltr'>supe</span> <span class='ocrx_word' id='word_1_189' title='bbox 1846 1068 1940 1105; x_wconf 64' lang='lat' dir='ltr'>rarle</span> <span class='ocrx_word' id='word_1_190' title='bbox 2102 1072 2143 1104; x_wconf 93' lang='lat' dir='ltr'>to</span> <span class='ocrx_word' id='word_1_191' title='bbox 2163 1065 2318 1106; x_wconf 89' lang='lat' dir='ltr'>herodis</span> <span class='ocrx_word' id='word_1_192' title='bbox 2331 1087 2340 1097; x_wconf 91' lang='lat'><strong>·</strong></span> <span class='ocrx_word' id='word_1_193' title='bbox 2370 1067 2397 1089; x_wconf 82' lang='lat'>¹⁶</span> <span class='ocrx_word' id='word_1_194' title='bbox 2409 1067 2460 1106; x_wconf 91' lang='lat' dir='ltr'>Et</span> <span class='ocrx_word' id='word_1_195' title='bbox 2479 1079 2529 1107; x_wconf 92' lang='lat' dir='ltr'>co</span> 
     </span>
     <span class='ocr_line' id='line_1_16' title="bbox 564 1127 2484 1179; baseline 0.001 -13"><span class='ocrx_word' id='word_1_196' title='bbox 564 1129 731 1167; x_wconf 90' lang='lat' dir='ltr'>eiectum</span> <span class='ocrx_word' id='word_1_197' title='bbox 748 1149 757 1158; x_wconf 90' lang='lat'><strong>·</strong></span> <span class='ocrx_word' id='word_1_198' title='bbox 774 1149 783 1158; x_wconf 90' lang='lat'>·</span> <span class='ocrx_word' id='word_1_199' title='bbox 813 1127 840 1149; x_wconf 76' lang='lat'>⁸¹</span> <span class='ocrx_word' id='word_1_200' title='bbox 853 1127 903 1167; x_wconf 86' lang='lat' dir='ltr'>Et</span> <span class='ocrx_word' id='word_1_201' title='bbox 923 1140 988 1167; x_wconf 91' lang='lat' dir='ltr'>rur</span> <span class='ocrx_word' id='word_1_202' title='bbox 1032 1127 1051 1150; x_wconf 86' lang='grc'>*</span> <span class='ocrx_word' id='word_1_203' title='bbox 1068 1129 1181 1168; x_wconf 91' lang='lat' dir='ltr'>turba</span> <span class='ocrx_word' id='word_1_204' title='bbox 1200 1135 1302 1169; x_wconf 89' lang='lat' dir='ltr'>esset</span> <span class='ocrx_word' id='word_1_205' title='bbox 1341 1142 1415 1169; x_wconf 92' lang='lat' dir='ltr'>nec</span> <span class='ocrx_word' id='word_1_206' title='bbox 1603 1131 1756 1167; x_wconf 75' lang='lat' dir='ltr'>rauerat</span> <span class='ocrx_word' id='word_1_207' title='bbox 1774 1128 1859 1179; x_wconf 86' lang='lat' dir='ltr'>frag</span> <span class='ocrx_word' id='word_1_208' title='bbox 2102 1128 2276 1179; x_wconf 87' lang='lat' dir='ltr'>gitabant</span> <span class='ocrx_word' id='word_1_209' title='bbox 2295 1129 2346 1168; x_wconf 89' lang='lat' dir='ltr'>ad</span> <span class='ocrx_word' id='word_1_210' title='bbox 2365 1129 2484 1168; x_wconf 88' lang='lat' dir='ltr'>alteru</span> 
     </span>
     <span class='ocr_line' id='line_1_17' title="bbox 563 1189 2462 1244; baseline 0 -14"><span class='ocrx_word' id='word_1_211' title='bbox 563 1202 629 1230; x_wconf 91' lang='lat' dir='ltr'>sus</span> <span class='ocrx_word' id='word_1_212' title='bbox 649 1202 828 1241; x_wconf 87' lang='lat' dir='ltr'>egressus</span> <span class='ocrx_word' id='word_1_213' title='bbox 843 1203 866 1229; x_wconf 91' lang='lat' dir='ltr'>a</span> <span class='ocrx_word' id='word_1_214' title='bbox 1032 1191 1051 1212; x_wconf 89' lang='lat'><em>*</em></span> <span class='ocrx_word' id='word_1_215' title='bbox 1069 1193 1254 1232; x_wconf 88' lang='lat' dir='ltr'>haberent</span> <span class='ocrx_word' id='word_1_216' title='bbox 1292 1193 1401 1244; x_wconf 92' lang='lat' dir='ltr'>quod</span> <span class='ocrx_word' id='word_1_217' title='bbox 1603 1196 1824 1229; x_wconf 87' lang='lat' dir='ltr'>mentorum</span> <span class='ocrx_word' id='word_1_218' title='bbox 1851 1202 1942 1241; x_wconf 91' lang='lat' dir='ltr'>spor</span> <span class='ocrx_word' id='word_1_219' title='bbox 2102 1196 2203 1228; x_wconf 83' lang='lat' dir='ltr'>trum</span> <span class='ocrx_word' id='word_1_220' title='bbox 2222 1189 2323 1241; x_wconf 81' lang='lat' dir='ltr'>quod</span> <span class='ocrx_word' id='word_1_221' title='bbox 2341 1204 2462 1242; x_wconf 88' lang='lat' dir='ltr'>panes</span> 
     </span>
     <span class='ocr_line' id='line_1_18' title="bbox 563 1253 2448 1303; baseline 0.001 -12"><span class='ocrx_word' id='word_1_222' title='bbox 563 1253 705 1291; x_wconf 88' lang='lat' dir='ltr'>finibus</span> <span class='ocrx_word' id='word_1_223' title='bbox 723 1253 795 1303; x_wconf 91' lang='lat' dir='ltr'>tyri</span> <span class='ocrx_word' id='word_1_224' title='bbox 815 1259 853 1291; x_wconf 93' lang='lat' dir='ltr'>et</span> <span class='ocrx_word' id='word_1_225' title='bbox 871 1253 904 1291; x_wconf 92' lang='lat' dir='ltr'>si</span> <span class='ocrx_word' id='word_1_226' title='bbox 1030 1254 1049 1276; x_wconf 86' lang='lat'><em>*</em></span> <span class='ocrx_word' id='word_1_227' title='bbox 1066 1255 1346 1295; x_wconf 85' lang='lat' dir='ltr'>manducarent</span> <span class='ocrx_word' id='word_1_228' title='bbox 1361 1277 1370 1287; x_wconf 91' lang='lat'><strong>·</strong></span> <span class='ocrx_word' id='word_1_229' title='bbox 1602 1259 1659 1291; x_wconf 82' lang='lat' dir='ltr'>tas</span> <span class='ocrx_word' id='word_1_230' title='bbox 1680 1259 1829 1303; x_wconf 90' lang='lat' dir='ltr'>septem</span> <span class='ocrx_word' id='word_1_231' title='bbox 1849 1273 1859 1284; x_wconf 91' lang='lat'><strong>·</strong></span> <span class='ocrx_word' id='word_1_232' title='bbox 2102 1264 2184 1290; x_wconf 92' lang='lat' dir='ltr'>non</span> <span class='ocrx_word' id='word_1_233' title='bbox 2204 1253 2391 1292; x_wconf 88' lang='lat' dir='ltr'>haberent</span> <span class='ocrx_word' id='word_1_234' title='bbox 2411 1274 2421 1284; x_wconf 89' lang='lat'><strong>·</strong></span> <span class='ocrx_word' id='word_1_235' title='bbox 2438 1275 2448 1284; x_wconf 90' lang='lat'><strong>·</strong></span> 
     </span>
     <span class='ocr_line' id='line_1_19' title="bbox 563 1312 2568 1367; baseline -0.001 -9"><span class='ocrx_word' id='word_1_236' title='bbox 563 1316 676 1355; x_wconf 84' lang='lat' dir='ltr'>donis</span> <span class='ocrx_word' id='word_1_237' title='bbox 715 1315 835 1354; x_wconf 85' lang='lat' dir='ltr'>Uenit</span> <span class='ocrx_word' id='word_1_238' title='bbox 855 1315 905 1354; x_wconf 85' lang='lat' dir='ltr'>ad</span> <span class='ocrx_word' id='word_1_239' title='bbox 1063 1320 1290 1358; x_wconf 86' lang='lat' dir='ltr'>conuocatis</span> <span class='ocrx_word' id='word_1_240' title='bbox 1312 1319 1407 1358; x_wconf 86' lang='lat' dir='ltr'>disci</span> <span class='ocrx_word' id='word_1_241' title='bbox 1602 1316 1615 1337; x_wconf 83' lang='lat'>⁹</span> <span class='ocrx_word' id='word_1_242' title='bbox 1631 1315 1802 1354; x_wconf 89' lang='lat' dir='ltr'>Fuerunt</span> <span class='ocrx_word' id='word_1_243' title='bbox 1821 1321 1953 1354; x_wconf 89' lang='lat' dir='ltr'>autem</span> <span class='ocrx_word' id='word_1_244' title='bbox 2102 1312 2131 1337; x_wconf 87' lang='lat'>¹⁷</span> <span class='ocrx_word' id='word_1_245' title='bbox 2144 1314 2236 1362; x_wconf 89' lang='lat' dir='ltr'>Quo</span> <span class='ocrx_word' id='word_1_246' title='bbox 2255 1317 2416 1367; x_wconf 89' lang='lat' dir='ltr'>cognito</span> <span class='ocrx_word' id='word_1_247' title='bbox 2435 1316 2494 1355; x_wconf 81' lang='lat' dir='ltr'>ihs</span> <span class='ocrx_word' id='word_1_248' title='bbox 2515 1317 2568 1356; x_wconf 89' lang='lat' dir='ltr'>ait</span> 
     </span>
     <span class='ocr_line' id='line_1_20' title="bbox 563 1378 2460 1433; baseline 0.002 -18"><span class='ocrx_word' id='word_1_249' title='bbox 563 1390 668 1417; x_wconf 90' lang='lat' dir='ltr'>mare</span> <span class='ocrx_word' id='word_1_250' title='bbox 688 1378 846 1429; x_wconf 86' lang='lat' dir='ltr'>galileae</span> <span class='ocrx_word' id='word_1_251' title='bbox 861 1399 870 1408; x_wconf 92' lang='lat'><strong>·</strong></span> <span class='ocrx_word' id='word_1_252' title='bbox 1063 1381 1166 1433; x_wconf 91' lang='lat' dir='ltr'>pulis</span> <span class='ocrx_word' id='word_1_253' title='bbox 1185 1382 1238 1420; x_wconf 86' lang='lat' dir='ltr'>ait</span> <span class='ocrx_word' id='word_1_254' title='bbox 1255 1381 1328 1420; x_wconf 90' lang='lat' dir='ltr'>illis</span> <span class='ocrx_word' id='word_1_255' title='bbox 1367 1380 1381 1402; x_wconf 78' lang='lat'>²</span> <span class='ocrx_word' id='word_1_256' title='bbox 1393 1381 1447 1420; x_wconf 91' lang='lat' dir='ltr'>mi</span> <span class='ocrx_word' id='word_1_257' title='bbox 1600 1378 1666 1429; x_wconf 90' lang='lat' dir='ltr'>qui</span> <span class='ocrx_word' id='word_1_258' title='bbox 1685 1378 1930 1417; x_wconf 87' lang='lat' dir='ltr'>manducaue</span> <span class='ocrx_word' id='word_1_259' title='bbox 2103 1378 2176 1416; x_wconf 91' lang='lat' dir='ltr'>illis</span> <span class='ocrx_word' id='word_1_260' title='bbox 2218 1379 2312 1428; x_wconf 89' lang='lat' dir='ltr'>quid</span> <span class='ocrx_word' id='word_1_261' title='bbox 2331 1380 2460 1430; x_wconf 87' lang='lat' dir='ltr'>cogita</span> 
     </span>
     <span class='ocr_line' id='line_1_21' title="bbox 562 1440 2417 1495; baseline 0.002 -17"><span class='ocrx_word' id='word_1_262' title='bbox 562 1440 667 1479; x_wconf 91' lang='lat' dir='ltr'>Inter</span> <span class='ocrx_word' id='word_1_263' title='bbox 685 1440 835 1479; x_wconf 91' lang='lat' dir='ltr'>medios</span> <span class='ocrx_word' id='word_1_264' title='bbox 855 1441 948 1479; x_wconf 71' lang='lat' dir='ltr'>fines</span> <span class='ocrx_word' id='word_1_265' title='bbox 1065 1455 1195 1483; x_wconf 86' lang='lat' dir='ltr'>sereor</span> <span class='ocrx_word' id='word_1_266' title='bbox 1214 1456 1331 1495; x_wconf 91' lang='lat' dir='ltr'>supra</span> <span class='ocrx_word' id='word_1_267' title='bbox 1350 1451 1412 1483; x_wconf 90' lang='lat' dir='ltr'>tur</span> <span class='ocrx_word' id='word_1_268' title='bbox 1599 1447 1690 1479; x_wconf 90' lang='lat' dir='ltr'>runt</span> <span class='ocrx_word' id='word_1_269' title='bbox 1729 1441 1807 1480; x_wconf 90' lang='lat' dir='ltr'>fere</span> <span class='ocrx_word' id='word_1_270' title='bbox 1827 1446 1919 1491; x_wconf 90' lang='lat' dir='ltr'>quat</span> <span class='ocrx_word' id='word_1_271' title='bbox 2102 1441 2153 1479; x_wconf 91' lang='lat' dir='ltr'>tis</span> <span class='ocrx_word' id='word_1_272' title='bbox 2176 1441 2216 1478; x_wconf 91' lang='lat' dir='ltr'>in</span> <span class='ocrx_word' id='word_1_273' title='bbox 2236 1442 2417 1481; x_wconf 86' lang='lat' dir='ltr'>cordibus</span> 
     </span>
     <span class='ocr_line' id='line_1_22' title="bbox 562 1502 2437 1557; baseline 0.001 -16"><span class='ocrx_word' id='word_1_274' title='bbox 562 1503 760 1554; x_wconf 87' lang='lat' dir='ltr'>decapolis</span> <span class='ocrx_word' id='word_1_275' title='bbox 773 1524 782 1533; x_wconf 91' lang='lat'><strong>·</strong></span> <span class='ocrx_word' id='word_1_276' title='bbox 811 1503 841 1525; x_wconf 78' lang='lat'>³²</span> <span class='ocrx_word' id='word_1_277' title='bbox 853 1502 904 1542; x_wconf 91' lang='lat' dir='ltr'>Et</span> <span class='ocrx_word' id='word_1_278' title='bbox 923 1503 969 1542; x_wconf 86' lang='lat' dir='ltr'>of</span> <span class='ocrx_word' id='word_1_279' title='bbox 1065 1508 1158 1546; x_wconf 88' lang='lat' dir='ltr'>bam</span> <span class='ocrx_word' id='word_1_280' title='bbox 1177 1507 1279 1546; x_wconf 92' lang='lat' dir='ltr'>hanc</span> <span class='ocrx_word' id='word_1_281' title='bbox 1293 1528 1302 1537; x_wconf 94' lang='lat'><strong>·</strong></span> <span class='ocrx_word' id='word_1_282' title='bbox 1345 1507 1491 1557; x_wconf 72' lang='lat' dir='ltr'>quonia</span> <span class='ocrx_word' id='word_1_283' title='bbox 1600 1510 1688 1542; x_wconf 92' lang='lat' dir='ltr'>tuor</span> <span class='ocrx_word' id='word_1_284' title='bbox 1707 1504 1813 1542; x_wconf 88' lang='lat' dir='ltr'>milia</span> <span class='ocrx_word' id='word_1_285' title='bbox 1831 1503 1939 1543; x_wconf 91' lang='lat' dir='ltr'>homi</span> <span class='ocrx_word' id='word_1_286' title='bbox 2102 1504 2239 1542; x_wconf 91' lang='lat' dir='ltr'>uestris</span> <span class='ocrx_word' id='word_1_287' title='bbox 2277 1505 2366 1554; x_wconf 93' lang='lat' dir='ltr'>quia</span> <span class='ocrx_word' id='word_1_288' title='bbox 2387 1517 2437 1555; x_wconf 88' lang='lat' dir='ltr'>pa</span> 
     </span>
     <span class='ocr_line' id='line_1_23' title="bbox 562 1565 2443 1608; baseline 0.001 -4"><span class='ocrx_word' id='word_1_289' title='bbox 562 1565 689 1605; x_wconf 88' lang='lat' dir='ltr'>ferunt</span> <span class='ocrx_word' id='word_1_290' title='bbox 708 1567 743 1605; x_wconf 86' lang='lat' dir='ltr'>ei</span> <span class='ocrx_word' id='word_1_291' title='bbox 764 1566 883 1605; x_wconf 78' lang='lat' dir='ltr'>surdii</span> <span class='ocrx_word' id='word_1_292' title='bbox 1063 1570 1233 1608; x_wconf 87' lang='lat' dir='ltr'>triduum</span> <span class='ocrx_word' id='word_1_293' title='bbox 1253 1569 1437 1608; x_wconf 89' lang='lat' dir='ltr'>adherent</span> <span class='ocrx_word' id='word_1_294' title='bbox 1601 1579 1696 1605; x_wconf 92' lang='lat' dir='ltr'>num</span> <span class='ocrx_word' id='word_1_295' title='bbox 1738 1573 1776 1605; x_wconf 91' lang='lat' dir='ltr'>et</span> <span class='ocrx_word' id='word_1_296' title='bbox 1796 1566 1938 1605; x_wconf 89' lang='lat' dir='ltr'>dimisit</span> <span class='ocrx_word' id='word_1_297' title='bbox 2102 1578 2172 1604; x_wconf 91' lang='lat' dir='ltr'>nes</span> <span class='ocrx_word' id='word_1_298' title='bbox 2192 1578 2274 1605; x_wconf 91' lang='lat' dir='ltr'>non</span> <span class='ocrx_word' id='word_1_299' title='bbox 2293 1567 2443 1606; x_wconf 88' lang='lat' dir='ltr'>habetis</span> 
     </span>
     <span class='ocr_line' id='line_1_24' title="bbox 561 1653 2490 1707; baseline 0.001 -15"><span class='ocrx_word' id='word_1_300' title='bbox 561 1654 612 1692; x_wconf 91' lang='lat' dir='ltr'>Et</span> <span class='ocrx_word' id='word_1_301' title='bbox 631 1661 785 1693; x_wconf 91' lang='lat' dir='ltr'>mutum</span> <span class='ocrx_word' id='word_1_302' title='bbox 798 1675 807 1685; x_wconf 92' lang='lat'>-</span> <span class='ocrx_word' id='word_1_303' title='bbox 847 1660 884 1694; x_wconf 90' lang='lat' dir='ltr'>et</span> <span class='ocrx_word' id='word_1_304' title='bbox 899 1654 947 1693; x_wconf 90' lang='lat' dir='ltr'>de</span> <span class='ocrx_word' id='word_1_305' title='bbox 1064 1658 1158 1696; x_wconf 86' lang='lat' dir='ltr'>mihi</span> <span class='ocrx_word' id='word_1_306' title='bbox 1198 1670 1272 1697; x_wconf 85' lang='lat' dir='ltr'>nec</span> <span class='ocrx_word' id='word_1_307' title='bbox 1291 1657 1436 1696; x_wconf 84' lang='lat' dir='ltr'>habent</span> <span class='ocrx_word' id='word_1_308' title='bbox 1599 1654 1684 1693; x_wconf 88' lang='lat' dir='ltr'>illos</span> <span class='ocrx_word' id='word_1_309' title='bbox 1699 1675 1708 1685; x_wconf 88' lang='lat'><strong>·</strong></span> <span class='ocrx_word' id='word_1_310' title='bbox 1737 1653 1767 1676; x_wconf 88' lang='lat'>¹⁰</span> <span class='ocrx_word' id='word_1_311' title='bbox 1779 1661 1818 1694; x_wconf 89' lang='lat' dir='ltr'>et</span> <span class='ocrx_word' id='word_1_312' title='bbox 1837 1655 1966 1694; x_wconf 90' lang='lat' dir='ltr'>statim</span> <span class='ocrx_word' id='word_1_313' title='bbox 2103 1654 2291 1693; x_wconf 90' lang='lat' dir='ltr'>Nondum</span> <span class='ocrx_word' id='word_1_314' title='bbox 2310 1655 2490 1707; x_wconf 86' lang='lat' dir='ltr'>intellege</span> 
     </span>
     <span class='ocr_line' id='line_1_25' title="bbox 562 1717 2484 1771; baseline 0.002 -16"><span class='ocrx_word' id='word_1_315' title='bbox 562 1719 823 1767; x_wconf 86' lang='lat' dir='ltr'>precabantur</span> <span class='ocrx_word' id='word_1_316' title='bbox 837 1719 887 1756; x_wconf 83' lang='lat' dir='ltr'>eii</span> <span class='ocrx_word' id='word_1_317' title='bbox 1064 1719 1172 1771; x_wconf 90' lang='lat' dir='ltr'>quod</span> <span class='ocrx_word' id='word_1_318' title='bbox 1190 1720 1426 1759; x_wconf 89' lang='lat' dir='ltr'>manducent</span> <span class='ocrx_word' id='word_1_319' title='bbox 1447 1741 1456 1750; x_wconf 90' lang='lat'><strong>·</strong></span> <span class='ocrx_word' id='word_1_320' title='bbox 1601 1718 1776 1756; x_wconf 88' lang='lat' dir='ltr'>ascendit</span> <span class='ocrx_word' id='word_1_321' title='bbox 1795 1718 1835 1756; x_wconf 92' lang='lat' dir='ltr'>in</span> <span class='ocrx_word' id='word_1_322' title='bbox 1854 1717 1945 1756; x_wconf 89' lang='lat' dir='ltr'>naui</span> <span class='ocrx_word' id='word_1_323' title='bbox 2102 1717 2151 1756; x_wconf 89' lang='lat' dir='ltr'>tis</span> <span class='ocrx_word' id='word_1_324' title='bbox 2165 1739 2173 1748; x_wconf 92' lang='lat'><strong>·</strong></span> <span class='ocrx_word' id='word_1_325' title='bbox 2203 1730 2276 1756; x_wconf 90' lang='lat' dir='ltr'>nec</span> <span class='ocrx_word' id='word_1_326' title='bbox 2296 1719 2484 1769; x_wconf 90' lang='lat' dir='ltr'>perspicis</span> 
     </span>
     <span class='ocr_line' id='line_1_26' title="bbox 561 1780 2471 1830; baseline 0.002 -12"><span class='ocrx_word' id='word_1_327' title='bbox 561 1787 604 1818; x_wconf 91' lang='lat' dir='ltr'>ut</span> <span class='ocrx_word' id='word_1_328' title='bbox 624 1781 827 1830; x_wconf 89' lang='lat' dir='ltr'>inponeret</span> <span class='ocrx_word' id='word_1_329' title='bbox 847 1780 899 1818; x_wconf 88' lang='lat' dir='ltr'>illi</span> <span class='ocrx_word' id='word_1_330' title='bbox 938 1790 940 1793; x_wconf 88' lang='grc'><em>·</em></span> <span class='ocrx_word' id='word_1_331' title='bbox 1063 1784 1075 1802; x_wconf 72' lang='lat'>³³</span> <span class='ocrx_word' id='word_1_332' title='bbox 1088 1789 1125 1821; x_wconf 91' lang='lat' dir='ltr'>et</span> <span class='ocrx_word' id='word_1_333' title='bbox 1144 1783 1335 1822; x_wconf 89' lang='lat' dir='ltr'>dimittere</span> <span class='ocrx_word' id='word_1_334' title='bbox 1354 1783 1439 1822; x_wconf 91' lang='lat' dir='ltr'>illos</span> <span class='ocrx_word' id='word_1_335' title='bbox 1601 1780 1730 1819; x_wconf 83' lang='lat' dir='ltr'>culam</span> <span class='ocrx_word' id='word_1_336' title='bbox 1749 1792 1841 1819; x_wconf 89' lang='lat' dir='ltr'>cum</span> <span class='ocrx_word' id='word_1_337' title='bbox 1861 1780 1919 1818; x_wconf 92' lang='lat' dir='ltr'>dis</span> <span class='ocrx_word' id='word_1_338' title='bbox 2101 1780 2149 1819; x_wconf 88' lang='lat' dir='ltr'>tis</span> <span class='ocrx_word' id='word_1_339' title='bbox 2164 1801 2173 1810; x_wconf 94' lang='lat'><strong>·</strong></span> <span class='ocrx_word' id='word_1_340' title='bbox 2214 1780 2355 1820; x_wconf 89' lang='lat' dir='ltr'>Adhuc</span> <span class='ocrx_word' id='word_1_341' title='bbox 2375 1782 2471 1820; x_wconf 90' lang='lat' dir='ltr'>obtu</span> 
     </span>
     <span class='ocr_line' id='line_1_27' title="bbox 561 1843 2525 1893; baseline 0.001 -13"><span class='ocrx_word' id='word_1_342' title='bbox 561 1855 723 1881; x_wconf 85' lang='lat' dir='ltr'>manum</span> <span class='ocrx_word' id='word_1_343' title='bbox 746 1864 778 1873; x_wconf 89' lang='lat'>··</span> <span class='ocrx_word' id='word_1_344' title='bbox 809 1843 837 1864; x_wconf 78' lang='lat'>²³</span> <span class='ocrx_word' id='word_1_345' title='bbox 848 1843 900 1882; x_wconf 90' lang='lat' dir='ltr'>Et</span> <span class='ocrx_word' id='word_1_346' title='bbox 920 1844 1005 1883; x_wconf 92' lang='lat' dir='ltr'>acci</span> <span class='ocrx_word' id='word_1_347' title='bbox 1062 1845 1214 1884; x_wconf 89' lang='lat' dir='ltr'>ieiunos</span> <span class='ocrx_word' id='word_1_348' title='bbox 1234 1845 1342 1884; x_wconf 90' lang='lat' dir='ltr'>domi</span> <span class='ocrx_word' id='word_1_349' title='bbox 1363 1846 1457 1884; x_wconf 91' lang='lat' dir='ltr'>nolo</span> <span class='ocrx_word' id='word_1_350' title='bbox 1474 1866 1482 1876; x_wconf 92' lang='lat'><strong>·</strong></span> <span class='ocrx_word' id='word_1_351' title='bbox 1600 1843 1737 1893; x_wconf 91' lang='lat' dir='ltr'>cipulis</span> <span class='ocrx_word' id='word_1_352' title='bbox 1757 1843 1836 1881; x_wconf 91' lang='lat' dir='ltr'>suis</span> <span class='ocrx_word' id='word_1_353' title='bbox 1853 1863 1861 1872; x_wconf 93' lang='lat'><strong>·</strong></span> <span class='ocrx_word' id='word_1_354' title='bbox 1902 1850 1941 1881; x_wconf 88' lang='lat' dir='ltr'>et</span> <span class='ocrx_word' id='word_1_355' title='bbox 1960 1854 2010 1881; x_wconf 89' lang='lat' dir='ltr'>ue</span> <span class='ocrx_word' id='word_1_356' title='bbox 2101 1855 2189 1881; x_wconf 91' lang='lat' dir='ltr'>sum</span> <span class='ocrx_word' id='word_1_357' title='bbox 2207 1850 2264 1882; x_wconf 90' lang='lat' dir='ltr'>est</span> <span class='ocrx_word' id='word_1_358' title='bbox 2283 1855 2352 1882; x_wconf 91' lang='lat' dir='ltr'>cor</span> <span class='ocrx_word' id='word_1_359' title='bbox 2371 1848 2499 1883; x_wconf 69' lang='lat' dir='ltr'>uestrfi</span> <span class='ocrx_word' id='word_1_360' title='bbox 2516 1865 2525 1874; x_wconf 93' lang='lat'>-</span> 
     </span>
     <span class='ocr_line' id='line_1_28' title="bbox 559 1903 2496 1958; baseline 0.001 -15"><span class='ocrx_word' id='word_1_361' title='bbox 559 1906 672 1955; x_wconf 89' lang='lat' dir='ltr'>piens</span> <span class='ocrx_word' id='word_1_362' title='bbox 692 1918 783 1944; x_wconf 92' lang='lat' dir='ltr'>eum</span> <span class='ocrx_word' id='word_1_363' title='bbox 803 1906 850 1944; x_wconf 94' lang='lat' dir='ltr'>de</span> <span class='ocrx_word' id='word_1_364' title='bbox 870 1912 932 1944; x_wconf 92' lang='lat' dir='ltr'>tur</span> <span class='ocrx_word' id='word_1_365' title='bbox 1062 1920 1112 1947; x_wconf 91' lang='lat' dir='ltr'>ne</span> <span class='ocrx_word' id='word_1_366' title='bbox 1131 1908 1339 1958; x_wconf 87' lang='lat' dir='ltr'>fatigentur</span> <span class='ocrx_word' id='word_1_367' title='bbox 1357 1909 1397 1946; x_wconf 89' lang='lat' dir='ltr'>in</span> <span class='ocrx_word' id='word_1_368' title='bbox 1599 1906 1655 1943; x_wconf 91' lang='lat' dir='ltr'>nit</span> <span class='ocrx_word' id='word_1_369' title='bbox 1674 1906 1715 1944; x_wconf 90' lang='lat' dir='ltr'>in</span> <span class='ocrx_word' id='word_1_370' title='bbox 1734 1913 1883 1956; x_wconf 88' lang='lat' dir='ltr'>partem</span> <span class='ocrx_word' id='word_1_371' title='bbox 1903 1905 1965 1943; x_wconf 87' lang='lat' dir='ltr'>dal</span> <span class='ocrx_word' id='word_1_372' title='bbox 2099 1903 2128 1927; x_wconf 78' lang='lat'>²⁸</span> <span class='ocrx_word' id='word_1_373' title='bbox 2142 1905 2288 1945; x_wconf 91' lang='lat' dir='ltr'>Oculos</span> <span class='ocrx_word' id='word_1_374' title='bbox 2308 1906 2496 1945; x_wconf 89' lang='lat' dir='ltr'>habentes</span> 
     </span>
     <span class='ocr_line' id='line_1_29' title="bbox 559 1966 2443 2021; baseline 0.001 -15"><span class='ocrx_word' id='word_1_375' title='bbox 559 1970 610 2006; x_wconf 89' lang='lat' dir='ltr'>ba</span> <span class='ocrx_word' id='word_1_376' title='bbox 630 1981 805 2007; x_wconf 90' lang='lat' dir='ltr'>seorsum</span> <span class='ocrx_word' id='word_1_377' title='bbox 819 1989 827 1999; x_wconf 93' lang='lat'><strong>·</strong></span> <span class='ocrx_word' id='word_1_378' title='bbox 869 1981 918 2008; x_wconf 85' lang='lat' dir='ltr'>ex</span> <span class='ocrx_word' id='word_1_379' title='bbox 1061 1971 1127 2009; x_wconf 89' lang='lat' dir='ltr'>uia</span> <span class='ocrx_word' id='word_1_380' title='bbox 1140 1991 1149 2001; x_wconf 87' lang='lat'><strong>·</strong></span> <span class='ocrx_word' id='word_1_381' title='bbox 1165 1992 1173 2001; x_wconf 88' lang='lat'><strong>·</strong></span> <span class='ocrx_word' id='word_1_382' title='bbox 1215 1971 1267 2009; x_wconf 91' lang='lat' dir='ltr'>Et</span> <span class='ocrx_word' id='word_1_383' title='bbox 1286 1971 1404 2021; x_wconf 90' lang='lat' dir='ltr'>aliqui</span> <span class='ocrx_word' id='word_1_384' title='bbox 1422 1983 1471 2010; x_wconf 85' lang='lat' dir='ltr'>ex</span> <span class='ocrx_word' id='word_1_385' title='bbox 1490 1972 1515 2010; x_wconf 91' lang='lat' dir='ltr'>il</span> <span class='ocrx_word' id='word_1_386' title='bbox 1598 1968 1787 2006; x_wconf 86' lang='lat' dir='ltr'>manutha</span> <span class='ocrx_word' id='word_1_387' title='bbox 1804 1989 1811 1998; x_wconf 95' lang='lat'><strong>·</strong></span> <span class='ocrx_word' id='word_1_388' title='bbox 1829 1988 1838 1997; x_wconf 93' lang='lat'><strong>·</strong></span> <span class='ocrx_word' id='word_1_389' title='bbox 1869 1966 1897 1988; x_wconf 85' lang='lat'>¹¹</span> <span class='ocrx_word' id='word_1_390' title='bbox 1909 1967 2009 2006; x_wconf 83' lang='lat' dir='ltr'>Exie</span> <span class='ocrx_word' id='word_1_391' title='bbox 2099 1980 2180 2007; x_wconf 91' lang='lat' dir='ltr'>non</span> <span class='ocrx_word' id='word_1_392' title='bbox 2199 1968 2336 2007; x_wconf 89' lang='lat' dir='ltr'>uidetis</span> <span class='ocrx_word' id='word_1_393' title='bbox 2354 1989 2363 1999; x_wconf 94' lang='lat'><strong>·</strong></span> <span class='ocrx_word' id='word_1_394' title='bbox 2405 1975 2443 2008; x_wconf 92' lang='lat' dir='ltr'>et</span> 
     </span>
     <span class='ocr_line' id='line_1_30' title="bbox 558 2029 2416 2084; baseline 0.001 -16"><span class='ocrx_word' id='word_1_395' title='bbox 558 2031 644 2081; x_wconf 92' lang='lat' dir='ltr'>puit</span> <span class='ocrx_word' id='word_1_396' title='bbox 685 2037 724 2070; x_wconf 89' lang='lat' dir='ltr'>et</span> <span class='ocrx_word' id='word_1_397' title='bbox 743 2031 846 2069; x_wconf 91' lang='lat' dir='ltr'>misit</span> <span class='ocrx_word' id='word_1_398' title='bbox 865 2031 946 2081; x_wconf 88' lang='lat' dir='ltr'>digi</span> <span class='ocrx_word' id='word_1_399' title='bbox 1061 2033 1107 2072; x_wconf 93' lang='lat' dir='ltr'>lis</span> <span class='ocrx_word' id='word_1_400' title='bbox 1127 2045 1150 2072; x_wconf 90' lang='lat' dir='ltr'>a</span> <span class='ocrx_word' id='word_1_401' title='bbox 1164 2033 1281 2084; x_wconf 90' lang='lat' dir='ltr'>longe</span> <span class='ocrx_word' id='word_1_402' title='bbox 1301 2040 1491 2073; x_wconf 87' lang='lat' dir='ltr'>uenerunt</span> <span class='ocrx_word' id='word_1_403' title='bbox 1505 2055 1513 2065; x_wconf 87' lang='lat'><strong>·</strong></span> <span class='ocrx_word' id='word_1_404' title='bbox 1597 2036 1686 2069; x_wconf 89' lang='lat' dir='ltr'>runt</span> <span class='ocrx_word' id='word_1_405' title='bbox 1706 2037 1835 2070; x_wconf 90' lang='lat' dir='ltr'>autem</span> <span class='ocrx_word' id='word_1_406' title='bbox 1854 2029 1922 2068; x_wconf 85' lang='lat' dir='ltr'>fari</span> <span class='ocrx_word' id='word_1_407' title='bbox 2099 2042 2210 2069; x_wconf 89' lang='lat' dir='ltr'>aures</span> <span class='ocrx_word' id='word_1_408' title='bbox 2228 2031 2416 2070; x_wconf 89' lang='lat' dir='ltr'>habentes</span> 
     </span>
     <span class='ocr_line' id='line_1_31' title="bbox 557 2093 2476 2146; baseline 0.001 -15"><span class='ocrx_word' id='word_1_409' title='bbox 557 2099 619 2131; x_wconf 92' lang='lat' dir='ltr'>tos</span> <span class='ocrx_word' id='word_1_410' title='bbox 640 2105 732 2132; x_wconf 91' lang='lat' dir='ltr'>suos</span> <span class='ocrx_word' id='word_1_411' title='bbox 752 2094 792 2131; x_wconf 91' lang='lat' dir='ltr'>in</span> <span class='ocrx_word' id='word_1_412' title='bbox 811 2094 945 2133; x_wconf 90' lang='lat' dir='ltr'>auricu</span> <span class='ocrx_word' id='word_1_413' title='bbox 1060 2096 1075 2117; x_wconf 79' lang='lat'><strong>⁴</strong></span> <span class='ocrx_word' id='word_1_414' title='bbox 1088 2094 1138 2134; x_wconf 90' lang='lat' dir='ltr'>Et</span> <span class='ocrx_word' id='word_1_415' title='bbox 1156 2096 1440 2146; x_wconf 91' lang='lat' dir='ltr'>responderunt</span> <span class='ocrx_word' id='word_1_416' title='bbox 1457 2096 1483 2134; x_wconf 91' lang='lat' dir='ltr'>il</span> <span class='ocrx_word' id='word_1_417' title='bbox 1597 2094 1675 2132; x_wconf 90' lang='lat' dir='ltr'>saei</span> <span class='ocrx_word' id='word_1_418' title='bbox 1715 2100 1753 2132; x_wconf 92' lang='lat' dir='ltr'>et</span> <span class='ocrx_word' id='word_1_419' title='bbox 1773 2099 1985 2144; x_wconf 89' lang='lat' dir='ltr'>coeperunt</span> <span class='ocrx_word' id='word_1_420' title='bbox 2098 2105 2178 2131; x_wconf 92' lang='lat' dir='ltr'>non</span> <span class='ocrx_word' id='word_1_421' title='bbox 2198 2093 2336 2132; x_wconf 90' lang='lat' dir='ltr'>auditis</span> <span class='ocrx_word' id='word_1_422' title='bbox 2352 2114 2360 2124; x_wconf 92' lang='lat'><strong>·</strong></span> <span class='ocrx_word' id='word_1_423' title='bbox 2403 2105 2476 2133; x_wconf 90' lang='lat' dir='ltr'>nec</span> 
     </span>
     <span class='ocr_line' id='line_1_32' title="bbox 557 2155 2516 2208; baseline 0.001 -15"><span class='ocrx_word' id='word_1_424' title='bbox 557 2155 602 2194; x_wconf 92' lang='lat' dir='ltr'>lis</span> <span class='ocrx_word' id='word_1_425' title='bbox 621 2156 706 2194; x_wconf 91' lang='lat' dir='ltr'>eius</span> <span class='ocrx_word' id='word_1_426' title='bbox 722 2176 731 2186; x_wconf 92' lang='lat'><strong>·</strong></span> <span class='ocrx_word' id='word_1_427' title='bbox 775 2162 812 2194; x_wconf 88' lang='lat' dir='ltr'>et</span> <span class='ocrx_word' id='word_1_428' title='bbox 831 2157 953 2206; x_wconf 87' lang='lat' dir='ltr'>tetigit</span> <span class='ocrx_word' id='word_1_429' title='bbox 1061 2158 1087 2195; x_wconf 94' lang='lat' dir='ltr'>li</span> <span class='ocrx_word' id='word_1_430' title='bbox 1108 2158 1283 2208; x_wconf 89' lang='lat' dir='ltr'>discipuli</span> <span class='ocrx_word' id='word_1_431' title='bbox 1303 2159 1386 2197; x_wconf 90' lang='lat' dir='ltr'>eius</span> <span class='ocrx_word' id='word_1_432' title='bbox 1596 2156 1813 2206; x_wconf 90' lang='lat' dir='ltr'>disceptare</span> <span class='ocrx_word' id='word_1_433' title='bbox 1833 2167 1925 2194; x_wconf 90' lang='lat' dir='ltr'>cum</span> <span class='ocrx_word' id='word_1_434' title='bbox 1945 2155 1970 2194; x_wconf 94' lang='lat' dir='ltr'>il</span> <span class='ocrx_word' id='word_1_435' title='bbox 2097 2156 2328 2195; x_wconf 88' lang='lat' dir='ltr'>meministis</span> <span class='ocrx_word' id='word_1_436' title='bbox 2367 2155 2398 2178; x_wconf 81' lang='lat'>²⁹</span> <span class='ocrx_word' id='word_1_437' title='bbox 2409 2169 2516 2206; x_wconf 90' lang='lat' dir='ltr'>quan</span> 
     </span>
     <span class='ocr_line' id='line_1_33' title="bbox 557 2217 2483 2270; baseline 0.002 -15"><span class='ocrx_word' id='word_1_438' title='bbox 557 2218 733 2268; x_wconf 88' lang='lat' dir='ltr'>linguam</span> <span class='ocrx_word' id='word_1_439' title='bbox 752 2219 834 2257; x_wconf 92' lang='lat' dir='ltr'>eius</span> <span class='ocrx_word' id='word_1_440' title='bbox 851 2240 860 2249; x_wconf 93' lang='lat'><strong>·</strong></span> <span class='ocrx_word' id='word_1_441' title='bbox 1060 2220 1163 2258; x_wconf 91' lang='lat' dir='ltr'>unde</span> <span class='ocrx_word' id='word_1_442' title='bbox 1182 2227 1247 2259; x_wconf 69' lang='lat' dir='ltr'>eos</span> <span class='ocrx_word' id='word_1_443' title='bbox 1267 2219 1399 2270; x_wconf 71' lang='lat' dir='ltr'>poterit</span> <span class='ocrx_word' id='word_1_444' title='bbox 1419 2221 1467 2260; x_wconf 88' lang='lat' dir='ltr'>ali</span> <span class='ocrx_word' id='word_1_445' title='bbox 1527 2227 1529 2230; x_wconf 58' lang='lat'><em>⁴</em></span> <span class='ocrx_word' id='word_1_446' title='bbox 1594 2217 1633 2256; x_wconf 91' lang='lat' dir='ltr'>lo</span> <span class='ocrx_word' id='word_1_447' title='bbox 1676 2223 1882 2269; x_wconf 88' lang='lat' dir='ltr'>querentes</span> <span class='ocrx_word' id='word_1_448' title='bbox 2097 2217 2150 2256; x_wconf 94' lang='lat' dir='ltr'>do</span> <span class='ocrx_word' id='word_1_449' title='bbox 2169 2219 2340 2269; x_wconf 91' lang='lat' dir='ltr'>quinque</span> <span class='ocrx_word' id='word_1_450' title='bbox 2360 2231 2483 2269; x_wconf 89' lang='lat' dir='ltr'>panes</span> 
     </span>
     <span class='ocr_line' id='line_1_34' title="bbox 557 2279 2443 2333; baseline 0.001 -15"><span class='ocrx_word' id='word_1_451' title='bbox 557 2279 586 2301; x_wconf 75' lang='lat'>³⁴</span> <span class='ocrx_word' id='word_1_452' title='bbox 597 2280 648 2319; x_wconf 93' lang='lat' dir='ltr'>Et</span> <span class='ocrx_word' id='word_1_453' title='bbox 668 2281 860 2331; x_wconf 89' lang='lat' dir='ltr'>aspiciens</span> <span class='ocrx_word' id='word_1_454' title='bbox 880 2282 920 2319; x_wconf 92' lang='lat' dir='ltr'>in</span> <span class='ocrx_word' id='word_1_455' title='bbox 940 2281 1024 2321; x_wconf 75' lang='lat' dir='ltr'>celsi</span> <span class='ocrx_word' id='word_1_456' title='bbox 1060 2282 1147 2332; x_wconf 91' lang='lat' dir='ltr'>quis</span> <span class='ocrx_word' id='word_1_457' title='bbox 1167 2289 1333 2321; x_wconf 90' lang='lat' dir='ltr'>saturare</span> <span class='ocrx_word' id='word_1_458' title='bbox 1353 2295 1404 2333; x_wconf 90' lang='lat' dir='ltr'>pa</span> <span class='ocrx_word' id='word_1_459' title='bbox 1595 2280 1752 2331; x_wconf 91' lang='lat' dir='ltr'>aliquod</span> <span class='ocrx_word' id='word_1_460' title='bbox 1773 2280 1929 2330; x_wconf 89' lang='lat' dir='ltr'>signum</span> <span class='ocrx_word' id='word_1_461' title='bbox 2095 2279 2192 2330; x_wconf 89' lang='lat' dir='ltr'>fregi</span> <span class='ocrx_word' id='word_1_462' title='bbox 2212 2280 2252 2318; x_wconf 90' lang='lat' dir='ltr'>in</span> <span class='ocrx_word' id='word_1_463' title='bbox 2271 2281 2443 2331; x_wconf 92' lang='lat' dir='ltr'>quinque</span> 
     </span>
     <span class='ocr_line' id='line_1_35' title="bbox 556 2341 2422 2392; baseline 0.001 -12"><span class='ocrx_word' id='word_1_464' title='bbox 556 2342 747 2392; x_wconf 88' lang='lat' dir='ltr'>ingemuit</span> <span class='ocrx_word' id='word_1_465' title='bbox 786 2349 824 2381; x_wconf 92' lang='lat' dir='ltr'>et</span> <span class='ocrx_word' id='word_1_466' title='bbox 844 2344 896 2382; x_wconf 92' lang='lat' dir='ltr'>ait</span> <span class='ocrx_word' id='word_1_467' title='bbox 1058 2344 1172 2382; x_wconf 91' lang='lat' dir='ltr'>nibus</span> <span class='ocrx_word' id='word_1_468' title='bbox 1188 2344 1232 2382; x_wconf 83' lang='lat' dir='ltr'>in</span> <span class='ocrx_word' id='word_1_469' title='bbox 1252 2344 1407 2383; x_wconf 89' lang='lat' dir='ltr'>solitudi</span> <span class='ocrx_word' id='word_1_470' title='bbox 1595 2343 1644 2381; x_wconf 89' lang='lat' dir='ltr'>ab</span> <span class='ocrx_word' id='word_1_471' title='bbox 1663 2354 1712 2381; x_wconf 91' lang='lat' dir='ltr'>eo</span> <span class='ocrx_word' id='word_1_472' title='bbox 1736 2341 1784 2380; x_wconf 94' lang='lat' dir='ltr'>de</span> <span class='ocrx_word' id='word_1_473' title='bbox 1804 2342 1890 2380; x_wconf 92' lang='lat' dir='ltr'>celo</span> <span class='ocrx_word' id='word_1_474' title='bbox 1909 2348 1988 2380; x_wconf 87' lang='lat' dir='ltr'>tem</span> <span class='ocrx_word' id='word_1_475' title='bbox 2095 2341 2200 2380; x_wconf 89' lang='lat' dir='ltr'>milia</span> <span class='ocrx_word' id='word_1_476' title='bbox 2218 2341 2422 2381; x_wconf 91' lang='lat' dir='ltr'>hominum</span> 
     </span>
     <span class='ocr_line' id='line_1_36' title="bbox 555 2403 2478 2457; baseline 0.003 -19"><span class='ocrx_word' id='word_1_477' title='bbox 555 2405 722 2455; x_wconf 82' lang='lat' dir='ltr'>eppheta</span> <span class='ocrx_word' id='word_1_478' title='bbox 761 2406 868 2456; x_wconf 87' lang='lat' dir='ltr'>quod</span> <span class='ocrx_word' id='word_1_479' title='bbox 886 2412 944 2445; x_wconf 80' lang='lat' dir='ltr'>est</span> <span class='ocrx_word' id='word_1_480' title='bbox 1000 2435 1003 2438; x_wconf 16' lang='grc' dir='ltr'><em>Δ</em></span> <span class='ocrx_word' id='word_1_481' title='bbox 1058 2418 1107 2444; x_wconf 87' lang='lat' dir='ltr'>ne</span> <span class='ocrx_word' id='word_1_482' title='bbox 1124 2427 1132 2436; x_wconf 91' lang='lat'>-</span> <span class='ocrx_word' id='word_1_483' title='bbox 1163 2405 1177 2428; x_wconf 80' lang='lat'><strong>⁶</strong></span> <span class='ocrx_word' id='word_1_484' title='bbox 1189 2406 1240 2445; x_wconf 92' lang='lat' dir='ltr'>Et</span> <span class='ocrx_word' id='word_1_485' title='bbox 1262 2407 1457 2457; x_wconf 88' lang='lat' dir='ltr'>interroga</span> <span class='ocrx_word' id='word_1_486' title='bbox 1593 2410 1718 2443; x_wconf 89' lang='lat' dir='ltr'>tantes</span> <span class='ocrx_word' id='word_1_487' title='bbox 1738 2416 1828 2443; x_wconf 90' lang='lat' dir='ltr'>eum</span> <span class='ocrx_word' id='word_1_488' title='bbox 1842 2425 1851 2434; x_wconf 93' lang='lat'><strong>·</strong></span> <span class='ocrx_word' id='word_1_489' title='bbox 1880 2404 1908 2426; x_wconf 84' lang='lat'>²²</span> <span class='ocrx_word' id='word_1_490' title='bbox 1919 2403 1971 2441; x_wconf 94' lang='lat' dir='ltr'>Et</span> <span class='ocrx_word' id='word_1_491' title='bbox 2094 2404 2204 2455; x_wconf 93' lang='lat' dir='ltr'>quod</span> <span class='ocrx_word' id='word_1_492' title='bbox 2221 2405 2374 2444; x_wconf 90' lang='lat' dir='ltr'>cofinos</span> <span class='ocrx_word' id='word_1_493' title='bbox 2393 2405 2478 2457; x_wconf 88' lang='lat' dir='ltr'>frag</span> 
     </span>
     <span class='ocr_line' id='line_1_37' title="bbox 555 2467 2426 2519; baseline 0.001 -14"><span class='ocrx_word' id='word_1_494' title='bbox 555 2467 751 2517; x_wconf 88' lang='lat' dir='ltr'>adaperire</span> <span class='ocrx_word' id='word_1_495' title='bbox 768 2489 776 2498; x_wconf 95' lang='lat'><strong>·</strong></span> <span class='ocrx_word' id='word_1_496' title='bbox 807 2467 837 2489; x_wconf 81' lang='lat'>³⁶</span> <span class='ocrx_word' id='word_1_497' title='bbox 848 2474 887 2507; x_wconf 90' lang='lat' dir='ltr'>et</span> <span class='ocrx_word' id='word_1_498' title='bbox 907 2481 930 2507; x_wconf 90' lang='lat' dir='ltr'>a</span> <span class='ocrx_word' id='word_1_499' title='bbox 1057 2469 1112 2507; x_wconf 90' lang='lat' dir='ltr'>uit</span> <span class='ocrx_word' id='word_1_500' title='bbox 1131 2480 1200 2507; x_wconf 90' lang='lat' dir='ltr'>eos</span> <span class='ocrx_word' id='word_1_501' title='bbox 1220 2469 1326 2519; x_wconf 93' lang='lat' dir='ltr'>quod</span> <span class='ocrx_word' id='word_1_502' title='bbox 1344 2481 1467 2519; x_wconf 91' lang='lat' dir='ltr'>panes</span> <span class='ocrx_word' id='word_1_503' title='bbox 1593 2467 1861 2517; x_wconf 88' lang='lat' dir='ltr'>ingemescens</span> <span class='ocrx_word' id='word_1_504' title='bbox 1881 2470 1954 2516; x_wconf 73' lang='lat' dir='ltr'>spu</span> <span class='ocrx_word' id='word_1_505' title='bbox 2094 2474 2317 2506; x_wconf 92' lang='lat' dir='ltr'>mentorum</span> <span class='ocrx_word' id='word_1_506' title='bbox 2338 2468 2426 2506; x_wconf 87' lang='lat' dir='ltr'>tulis</span> 
     </span>
     <span class='ocr_line' id='line_1_38' title="bbox 555 2529 2511 2580; baseline 0.002 -14"><span class='ocrx_word' id='word_1_507' title='bbox 555 2536 661 2578; x_wconf 87' lang='lat' dir='ltr'>perte</span> <span class='ocrx_word' id='word_1_508' title='bbox 681 2537 768 2568; x_wconf 91' lang='lat' dir='ltr'>sunt</span> <span class='ocrx_word' id='word_1_509' title='bbox 788 2543 900 2569; x_wconf 90' lang='lat' dir='ltr'>aures</span> <span class='ocrx_word' id='word_1_510' title='bbox 1029 2567 1032 2569; x_wconf 88' lang='lat'>.</span> <span class='ocrx_word' id='word_1_511' title='bbox 1057 2530 1206 2569; x_wconf 90' lang='lat' dir='ltr'>habetis</span> <span class='ocrx_word' id='word_1_512' title='bbox 1223 2552 1232 2562; x_wconf 89' lang='lat'><strong>·</strong></span> <span class='ocrx_word' id='word_1_513' title='bbox 1273 2531 1324 2569; x_wconf 91' lang='lat' dir='ltr'>At</span> <span class='ocrx_word' id='word_1_514' title='bbox 1344 2531 1395 2569; x_wconf 90' lang='lat' dir='ltr'>illi</span> <span class='ocrx_word' id='word_1_515' title='bbox 1593 2542 1664 2568; x_wconf 92' lang='lat' dir='ltr'>suo</span> <span class='ocrx_word' id='word_1_516' title='bbox 1685 2530 1759 2568; x_wconf 89' lang='lat' dir='ltr'>ait·</span> <span class='ocrx_word' id='word_1_517' title='bbox 1800 2529 1894 2580; x_wconf 94' lang='lat' dir='ltr'>quid</span> <span class='ocrx_word' id='word_1_518' title='bbox 1913 2541 1991 2580; x_wconf 90' lang='lat' dir='ltr'>gen</span> <span class='ocrx_word' id='word_1_519' title='bbox 2093 2530 2141 2568; x_wconf 94' lang='lat' dir='ltr'>tis</span> <span class='ocrx_word' id='word_1_520' title='bbox 2155 2550 2164 2560; x_wconf 92' lang='lat'><strong>·</strong></span> <span class='ocrx_word' id='word_1_521' title='bbox 2206 2529 2340 2568; x_wconf 91' lang='lat' dir='ltr'>dicunt</span> <span class='ocrx_word' id='word_1_522' title='bbox 2359 2531 2412 2568; x_wconf 94' lang='lat' dir='ltr'>illi</span> <span class='ocrx_word' id='word_1_523' title='bbox 2431 2530 2511 2571; x_wconf 93' lang='lat' dir='ltr'>duo</span> 
     </span>
     <span class='ocr_line' id='line_1_39' title="bbox 555 2589 2492 2644; baseline 0.003 -16"><span class='ocrx_word' id='word_1_524' title='bbox 555 2591 638 2629; x_wconf 90' lang='lat' dir='ltr'>eius</span> <span class='ocrx_word' id='word_1_525' title='bbox 679 2599 716 2630; x_wconf 92' lang='lat' dir='ltr'>et</span> <span class='ocrx_word' id='word_1_526' title='bbox 735 2593 906 2631; x_wconf 91' lang='lat' dir='ltr'>solutum</span> <span class='ocrx_word' id='word_1_527' title='bbox 1056 2589 1234 2632; x_wconf 82' lang='lat' dir='ltr'>dixerunt</span> <span class='ocrx_word' id='word_1_528' title='bbox 1254 2600 1401 2644; x_wconf 89' lang='lat' dir='ltr'>septem</span> <span class='ocrx_word' id='word_1_529' title='bbox 1416 2614 1424 2624; x_wconf 92' lang='lat'><strong>·</strong></span> <span class='ocrx_word' id='word_1_530' title='bbox 1591 2592 1711 2630; x_wconf 90' lang='lat' dir='ltr'>eratio</span> <span class='ocrx_word' id='word_1_531' title='bbox 1731 2592 1803 2630; x_wconf 91' lang='lat' dir='ltr'>hec</span> <span class='ocrx_word' id='word_1_532' title='bbox 1824 2592 1938 2642; x_wconf 65' lang='lat' dir='ltr'>signi-1</span> <span class='ocrx_word' id='word_1_533' title='bbox 2093 2592 2220 2630; x_wconf 90' lang='lat' dir='ltr'>decim</span> <span class='ocrx_word' id='word_1_534' title='bbox 2237 2613 2246 2622; x_wconf 92' lang='lat'><strong>·</strong></span> <span class='ocrx_word' id='word_1_535' title='bbox 2276 2591 2305 2614; x_wconf 84' lang='lat'>²⁰</span> <span class='ocrx_word' id='word_1_536' title='bbox 2317 2592 2492 2640; x_wconf 85' lang='lat' dir='ltr'>Quando</span> 
     </span>
     <span class='ocr_line' id='line_1_40' title="bbox 575 2654 2420 2707; baseline 0.002 -17"><span class='ocrx_word' id='word_1_537' title='bbox 575 2660 634 2690; x_wconf 90' lang='lat' dir='ltr'>est</span> <span class='ocrx_word' id='word_1_538' title='bbox 653 2654 855 2693; x_wconf 90' lang='lat' dir='ltr'>uinculum</span> <span class='ocrx_word' id='word_1_539' title='bbox 876 2656 930 2694; x_wconf 90' lang='lat' dir='ltr'>lin</span> <span class='ocrx_word' id='word_1_540' title='bbox 1055 2656 1069 2677; x_wconf 82' lang='lat'><strong>⁶</strong></span> <span class='ocrx_word' id='word_1_541' title='bbox 1081 2655 1132 2694; x_wconf 90' lang='lat' dir='ltr'>Et</span> <span class='ocrx_word' id='word_1_542' title='bbox 1150 2657 1322 2707; x_wconf 89' lang='lat' dir='ltr'>precepit</span> <span class='ocrx_word' id='word_1_543' title='bbox 1341 2656 1462 2695; x_wconf 87' lang='lat' dir='ltr'>turbis</span> <span class='ocrx_word' id='word_1_544' title='bbox 1591 2655 1740 2705; x_wconf 91' lang='lat' dir='ltr'>quaerit</span> <span class='ocrx_word' id='word_1_545' title='bbox 1756 2675 1764 2684; x_wconf 92' lang='lat'>·</span> <span class='ocrx_word' id='word_1_546' title='bbox 1806 2655 1935 2693; x_wconf 91' lang='lat' dir='ltr'>Amen</span> <span class='ocrx_word' id='word_1_547' title='bbox 2091 2661 2222 2692; x_wconf 90' lang='lat' dir='ltr'>autem</span> <span class='ocrx_word' id='word_1_548' title='bbox 2241 2662 2420 2705; x_wconf 90' lang='lat' dir='ltr'>speptem</span> 
     </span>
     <span class='ocr_line' id='line_1_41' title="bbox 556 2715 2448 2770; baseline 0.003 -20"><span class='ocrx_word' id='word_1_549' title='bbox 556 2726 631 2762; x_wconf 93' lang='lat' dir='ltr'>gue</span> <span class='ocrx_word' id='word_1_550' title='bbox 652 2716 733 2754; x_wconf 88' lang='lat' dir='ltr'>eius</span> <span class='ocrx_word' id='word_1_551' title='bbox 775 2723 812 2754; x_wconf 89' lang='lat' dir='ltr'>et</span> <span class='ocrx_word' id='word_1_552' title='bbox 830 2717 946 2768; x_wconf 93' lang='lat' dir='ltr'>loque</span> <span class='ocrx_word' id='word_1_553' title='bbox 1055 2718 1296 2757; x_wconf 88' lang='lat' dir='ltr'>discumbere</span> <span class='ocrx_word' id='word_1_554' title='bbox 1320 2730 1436 2770; x_wconf 90' lang='lat' dir='ltr'>supra</span> <span class='ocrx_word' id='word_1_555' title='bbox 1591 2717 1680 2755; x_wconf 91' lang='lat' dir='ltr'>dico</span> <span class='ocrx_word' id='word_1_556' title='bbox 1700 2717 1814 2756; x_wconf 92' lang='lat' dir='ltr'>uobis</span> <span class='ocrx_word' id='word_1_557' title='bbox 1834 2717 1865 2756; x_wconf 92' lang='lat' dir='ltr'>si</span> <span class='ocrx_word' id='word_1_558' title='bbox 1884 2716 1934 2756; x_wconf 87' lang='lat' dir='ltr'>da</span> <span class='ocrx_word' id='word_1_559' title='bbox 2085 2715 2245 2767; x_wconf 70' lang='lat' dir='ltr'>septem</span> <span class='ocrx_word' id='word_1_560' title='bbox 2265 2729 2386 2767; x_wconf 88' lang='lat' dir='ltr'>panes</span> <span class='ocrx_word' id='word_1_561' title='bbox 2407 2718 2448 2756; x_wconf 90' lang='lat' dir='ltr'>i‘n</span> 
     </span>
     <span class='ocr_line' id='line_1_42' title="bbox 556 2775 2465 2832; baseline 0.004 -21"><span class='ocrx_word' id='word_1_562' title='bbox 556 2775 666 2812; x_wconf 89' lang='lat' dir='ltr'>batur</span> <span class='ocrx_word' id='word_1_563' title='bbox 684 2784 808 2817; x_wconf 90' lang='lat' dir='ltr'>rectae</span> <span class='ocrx_word' id='word_1_564' title='bbox 826 2800 834 2809; x_wconf 93' lang='lat'><em>·</em></span> <span class='ocrx_word' id='word_1_565' title='bbox 1055 2787 1195 2819; x_wconf 89' lang='lat' dir='ltr'>terram</span> <span class='ocrx_word' id='word_1_566' title='bbox 1212 2802 1221 2811; x_wconf 94' lang='lat'><strong>·</strong></span> <span class='ocrx_word' id='word_1_567' title='bbox 1261 2781 1312 2819; x_wconf 91' lang='lat' dir='ltr'>Et</span> <span class='ocrx_word' id='word_1_568' title='bbox 1332 2793 1452 2832; x_wconf 91' lang='lat' dir='ltr'>accep</span> <span class='ocrx_word' id='word_1_569' title='bbox 1590 2780 1690 2818; x_wconf 91' lang='lat' dir='ltr'>bitur</span> <span class='ocrx_word' id='word_1_570' title='bbox 1709 2779 1881 2830; x_wconf 90' lang='lat' dir='ltr'>generati</span> <span class='ocrx_word' id='word_1_571' title='bbox 2089 2785 2270 2829; x_wconf 90' lang='lat' dir='ltr'>quattuor</span> <span class='ocrx_word' id='word_1_572' title='bbox 2288 2779 2394 2818; x_wconf 90' lang='lat' dir='ltr'>milia</span> <span class='ocrx_word' id='word_1_573' title='bbox 2413 2780 2465 2819; x_wconf 90' lang='lat' dir='ltr'>ho</span> 
     </span>
     <span class='ocr_line' id='line_1_43' title="bbox 556 2836 2529 2894; baseline 0.005 -21"><span class='ocrx_word' id='word_1_574' title='bbox 556 2836 584 2856; x_wconf 81' lang='lat'>³⁶</span> <span class='ocrx_word' id='word_1_575' title='bbox 595 2836 646 2874; x_wconf 90' lang='lat' dir='ltr'>Et</span> <span class='ocrx_word' id='word_1_576' title='bbox 660 2840 829 2889; x_wconf 90' lang='lat' dir='ltr'>precepit</span> <span class='ocrx_word' id='word_1_577' title='bbox 841 2840 911 2879; x_wconf 89' lang='lat' dir='ltr'>illis</span> <span class='ocrx_word' id='word_1_578' title='bbox 925 2862 933 2872; x_wconf 91' lang='lat'><strong>·</strong></span> <span class='ocrx_word' id='word_1_579' title='bbox 978 2848 1020 2881; x_wconf 86' lang='lat' dir='ltr'>ut</span> <span class='ocrx_word' id='word_1_580' title='bbox 1053 2843 1100 2881; x_wconf 89' lang='lat' dir='ltr'>tis</span> <span class='ocrx_word' id='word_1_581' title='bbox 1124 2850 1274 2893; x_wconf 91' lang='lat' dir='ltr'>septem</span> <span class='ocrx_word' id='word_1_582' title='bbox 1292 2844 1460 2894; x_wconf 90' lang='lat' dir='ltr'>panibus</span> <span class='ocrx_word' id='word_1_583' title='bbox 1588 2843 1655 2881; x_wconf 91' lang='lat' dir='ltr'>oni</span> <span class='ocrx_word' id='word_1_584' title='bbox 1674 2842 1763 2881; x_wconf 90' lang='lat' dir='ltr'>huic</span> <span class='ocrx_word' id='word_1_585' title='bbox 1783 2842 1939 2893; x_wconf 89' lang='lat' dir='ltr'>signum</span> <span class='ocrx_word' id='word_1_586' title='bbox 2088 2842 2239 2879; x_wconf 91' lang='lat' dir='ltr'>minum</span> <span class='ocrx_word' id='word_1_587' title='bbox 2255 2862 2264 2871; x_wconf 92' lang='lat'><em>-</em></span> <span class='ocrx_word' id='word_1_588' title='bbox 2309 2842 2416 2892; x_wconf 91' lang='lat' dir='ltr'>quod</span> <span class='ocrx_word' id='word_1_589' title='bbox 2436 2854 2529 2894; x_wconf 84' lang='lat' dir='ltr'>spor</span> 
     </span>
     <span class='ocr_line' id='line_1_44' title="bbox 555 2899 2507 2956; baseline 0.004 -21"><span class='ocrx_word' id='word_1_590' title='bbox 555 2909 605 2935; x_wconf 92' lang='lat' dir='ltr'>ne</span> <span class='ocrx_word' id='word_1_591' title='bbox 625 2899 687 2936; x_wconf 92' lang='lat' dir='ltr'>cui</span> <span class='ocrx_word' id='word_1_592' title='bbox 707 2901 919 2951; x_wconf 88' lang='lat' dir='ltr'>quidquam</span> <span class='ocrx_word' id='word_1_593' title='bbox 1053 2905 1194 2953; x_wconf 88' lang='lat' dir='ltr'>gratias</span> <span class='ocrx_word' id='word_1_594' title='bbox 1213 2905 1291 2956; x_wconf 87' lang='lat' dir='ltr'>egit</span> <span class='ocrx_word' id='word_1_595' title='bbox 1312 2917 1356 2944; x_wconf 88' lang='lat' dir='ltr'>ac</span> <span class='ocrx_word' id='word_1_596' title='bbox 1378 2906 1490 2956; x_wconf 88' lang='lat' dir='ltr'>fregit</span> <span class='ocrx_word' id='word_1_597' title='bbox 1587 2904 1615 2926; x_wconf 80' lang='lat'>¹³</span> <span class='ocrx_word' id='word_1_598' title='bbox 1629 2904 1680 2943; x_wconf 92' lang='lat' dir='ltr'>Et</span> <span class='ocrx_word' id='word_1_599' title='bbox 1699 2905 1868 2944; x_wconf 86' lang='lat' dir='ltr'>dimissis</span> <span class='ocrx_word' id='word_1_600' title='bbox 1887 2904 1960 2943; x_wconf 87' lang='lat' dir='ltr'>illis</span> <span class='ocrx_word' id='word_1_601' title='bbox 2087 2910 2145 2942; x_wconf 89' lang='lat' dir='ltr'>tas</span> <span class='ocrx_word' id='word_1_602' title='bbox 2165 2903 2430 2954; x_wconf 69' lang='lat' dir='ltr'>fragmentorfi</span> <span class='ocrx_word' id='word_1_603' title='bbox 2503 2905 2507 2908; x_wconf 74' lang='grc'><em>’</em></span> 
     </span>
    </p>
   </div>
  </div>
 </body>
</html>
