2872 3268
1046 239 1348 280 EDITORIS
1374 239 1422 280 N
1423 239 1618 279 OTULA
1626 240 1677 280 E.
2171 249 2246 293 143

446 353 527 388 Fol.
545 353 591 389 55
602 353 639 388 b.
669 353 723 388 16.
748 363 1045 399 numnumquam
1071 364 1119 388 m.
1125 355 1180 399 p.,
1206 354 1383 396 incuria,·
1406 353 1609 389 secundum
1633 363 1724 388 num
1750 352 1870 388 erasit
1893 363 1988 389 corr.
2037 352 2132 387 Post
2157 354 2247 397 qfim

539 419 585 444 ex
609 419 671 443 ore
695 408 879 453 scriptum
902 412 958 443 est
979 408 1135 454 aliquid
1152 420 1270 444 manu
1295 418 1328 454 2,
1354 409 1544 444 lectionem
1558 409 1698 456 forsan
1722 408 1940 455 explicans,·
1971 408 2039 443 sed
2056 408 2249 454 scriptura

530 464 681 510 partim
698 463 859 498 abscissa
874 468 930 498 est
935 465 1086 510 partim
1103 465 1272 500 euanuit.

445 527 525 563 Fol.
543 527 601 562 56.
626 536 683 572 23.
696 526 868 573 pmcipes
882 539 930 563 m.
936 530 989 574 p.,
1001 527 1012 562 i
1023 531 1204 575 superscr.
1215 539 1310 564 corr.
1321 539 1370 563 m.
1375 530 1418 574 p.
1454 536 1510 574 25.
1528 527 1689 564 iohanns
1703 539 1751 564 m.
1755 529 1811 574 μ,
1825 526 2029 574 isuperscr.
2039 537 2135 575 corr.
2147 538 2196 561 m.
2202 528 2246 572 p.

445 591 526 626 Fol.
545 590 590 626 56
606 591 643 626 b.
670 599 726 637 25.
746 591 945 628 Crediditis
963 595 1071 638 ηιμ,
1090 605 1107 628 s
1124 595 1306 639 superscr.
1324 603 1420 628 corr.
1437 604 1486 628 m.
1492 595 1535 638 p.

444 654 525 690 Fol.
544 655 601 690 57.
627 665 683 700 32.
701 655 912 692 credidistis
929 667 978 691 ex·
991 655 1126 692 credis·
1144 658 1308 692 correxit
1323 658 1431 702 ηιμ,
1448 655 1601 692 delendo
1619 668 1648 692 s.

444 719 526 754 Fol.
545 719 602 754 58.
626 728 684 763 44.
709 731 732 755 u
747 720 791 766 in
807 731 894 755 eum
909 721 952 755 in
969 732 1044 756 ras.
1056 721 1198 766 scripta
1209 725 1265 756 est
1279 732 1304 756 a
1321 731 1369 755 ηι
1374 723 1418 767 p.
1466 728 1524 766 45.
1543 721 1619 766 qud
1637 731 1685 756 m.
1691 722 1746 766 p.,
1765 731 1788 756 o
1804 721 1986 766 superscr.
2003 730 2098 755 corr.
2116 730 2163 754 m.
2170 720 2213 764 p.

444 783 525 818 Fol.
543 783 589 819 58
602 783 638 818 b.
664 783 721 818 22.
735 792 768 827 7.
787 783 963 820 euitatem
980 796 1028 820 m.
1030 787 1086 831 p.,
1105 784 1115 819 i
1133 787 1315 831 superscr.
1331 795 1427 820 corr.
1444 795 1492 820 m.
1496 786 1539 830 p.

444 846 525 882 Fol.
544 846 601 883 59.
630 856 683 892 13.
701 846 846 883 dntium
863 859 912 883 m.
915 850 970 895 p.,
989 860 1010 884 e
1026 851 1208 895 superscr.
1226 859 1320 883 corr.
1338 859 1387 883 m.
1393 850 1437 894 p.

443 911 525 945 Fol.
542 909 600 946 60.
626 911 683 946 28.
700 917 755 946 ert
773 913 882 957 ηιμ,
900 911 911 946 i
927 914 1111 958 superscr.
1125 913 1220 948 corr.
1238 914 1334 958 ηιμ
1385 922 1440 957 29.
1457 923 1558 948 erras
1572 914 1679 958 ηιμ,
1698 913 1816 947 erasit
1831 924 1849 948 s
1866 922 1961 947 corr.
1976 922 2024 947 m.
2028 913 2071 958 p.
2088 914 2125 946 et
2139 910 2186 947 tis
2202 911 2246 945 in

537 968 710 1013 margine
726 967 884 1003 addidit.
934 977 990 1012 31.
1015 968 1092 1014 qud
1108 979 1156 1003 m.
1159 970 1213 1013 p.,
1233 978 1255 1002 o
1273 970 1453 1014 superscr.
1471 978 1566 1003 corr.
1584 979 1631 1002 m.
1635 970 1678 1014 p.

443 1030 474 1065 F
477 1029 525 1065 ol.
542 1029 590 1065 60
602 1030 638 1065 b.
664 1039 720 1075 39.
738 1037 795 1066 est
811 1031 854 1065 in
871 1043 947 1066 ras.
965 1031 1016 1067 hu
1034 1033 1217 1077 scriptum
1233 1035 1314 1074 est;
1336 1032 1526 1077 inceperat
1543 1031 1664 1066 scriba
1690 1030 1808 1067 simile
1829 1031 1915 1066 huic
1937 1030 2103 1075 scribere,
2123 1029 2192 1065 sed
2202 1030 2245 1065 in

538 1085 658 1121 simile
682 1092 739 1122 est
767 1086 855 1122 huic
883 1088 1048 1122 correxit
1071 1088 1159 1133 ipse.
1209 1095 1267 1132 45.
1295 1086 1410 1122 dauid
1435 1099 1484 1122 ex
1505 1087 1609 1122 dauit
1634 1087 1800 1122 correxit
1822 1098 1870 1122 m.
1875 1089 1917 1132 p.
1967 1098 1988 1122 e
2012 1087 2055 1121 in
2079 1092 2135 1122 est
2159 1097 2208 1120 ex
2230 1091 2244 1120 t

537 1142 702 1176 correxit
717 1153 765 1176 m.
769 1144 812 1188 p.

443 1205 525 1241 Fol.
542 1204 600 1240 61.
625 1206 682 1249 46.
700 1217 813 1241 ausus
824 1212 880 1241 est
896 1218 904 1241 :
931 1217 974 1241 us
985 1212 1042 1242 est
1054 1207 1096 1241 in
1108 1217 1184 1241 ras.
1195 1207 1378 1252 scriptum
1394 1209 1450 1241 est
1460 1218 1484 1241 a
1498 1217 1546 1241 m.
1551 1208 1594 1252 p.
1644 1206 1701 1241 23.
1716 1216 1747 1250 3.
1762 1205 1895 1241 dierint
1908 1207 2016 1251 ηιμ,
2029 1217 2053 1240 x
2063 1206 2245 1250 superscr.

536 1271 633 1296 corr.
650 1273 699 1297 m.
704 1263 748 1308 p.
797 1262 830 1297 6.
856 1261 1022 1297 conuiuis
1040 1273 1088 1297 m.
1094 1263 1149 1308 p.,
1168 1261 1179 1296 i
1195 1264 1376 1307 superscr.
1395 1273 1490 1297 corr.
1508 1273 1557 1297 m.
1562 1263 1604 1307 p.

444 1324 524 1360 Fol.
541 1324 585 1360 61
599 1325 635 1360 b.
661 1335 694 1370 9.
716 1336 850 1361 uocare
869 1337 917 1360 ex
938 1324 1063 1361 uocari
1080 1327 1245 1361 correxit
1264 1336 1312 1360 m.
1318 1327 1361 1371 p.
1409 1336 1475 1360 vv.
1496 1325 1621 1370 13—28.
1646 1325 1789 1360 omittit
1815 1324 1960 1367 Codex:
1984 1335 2049 1359 nec
2071 1325 2248 1370 supplent

536 1385 756 1416 correctores
770 1393 784 1416 .·
807 1381 932 1416 eadem
950 1381 1064 1416 uerba
1081 1392 1169 1415 uero
1185 1384 1222 1415 et
1236 1392 1274 1416 v.
1296 1391 1337 1425 13
1354 1384 1392 1416 et
1405 1392 1443 1415 v.
1463 1390 1507 1426 29
1523 1382 1566 1415 in
1585 1381 1697 1415 initio
1713 1380 1850 1415 habent
1871 1380 1881 1398 ‘
1895 1381 1978 1415 Uae
1996 1385 2121 1415 autem
2138 1379 2245 1415 uobis

537 1435 658 1472 scribe
682 1442 718 1472 et
742 1435 865 1472 farisei
890 1436 1131 1482 hypocritae‚’
1156 1436 1254 1471 unde
1268 1437 1388 1482 facile
1410 1433 1534 1472 scriba
1548 1438 1623 1482 per
1645 1436 1835 1471 incuriam
1844 1436 2036 1482 posterius
2062 1436 2146 1471 Uae
2167 1439 2244 1480 etc„

529 1493 606 1537 pro
615 1493 750 1538 priore
765 1492 928 1538 legendo,
945 1493 999 1527 sic
1013 1493 1055 1527 in
1072 1491 1191 1527 codice
1198 1494 1366 1538 poneret.

444 1556 525 1591 Fol.
542 1555 684 1648 62.p32.
702 1567 854 1592 mnsura
879 1567 927 1590 m.
931 1558 986 1602 p.,
1009 1567 1030 1591 e
1054 1558 1236 1602 superscr.
1254 1567 1348 1591 corr.
1366 1567 1414 1591 m.
1420 1558 1464 1602 p.
1515 1563 1571 1601 35.
1588 1554 1775 1591 efunditur
1792 1557 1901 1600 ηιμ,
1919 1554 1937 1589 f
1949 1556 2131 1600 superscr.
2148 1565 2244 1590 corr.

444 1666 475 1701 F
477 1666 525 1701 ol.
543 1666 589 1701 62
602 1667 638 1702 b.
664 1674 720 1711 37.
739 1667 808 1702 sub
825 1666 916 1711 alas,
935 1677 983 1702 m.
988 1669 1043 1713 p.,
1062 1667 1086 1701 h
1103 1668 1286 1713 superscr.
1303 1677 1397 1702 corr.
1416 1678 1464 1702 m.
1470 1669 1513 1712 p.

443 1729 525 1765 Fol.
542 1729 600 1765 63.
625 1730 682 1765 24.
696 1730 728 1766 8.
746 1729 999 1776 parturitionis
1015 1742 1065 1765 ex·
1077 1741 1162 1766 -nes
1179 1731 1344 1766 correxit
1358 1742 1406 1766 m.
1413 1733 1456 1777 p.

443 1794 524 1829 Fol.
542 1793 588 1829 63
601 1794 637 1830 b.
666 1804 718 1829 10.
736 1794 861 1830 tradnt
878 1805 926 1829 m.
935 1797 995 1841 μ,
1009 1806 1030 1830 e
1045 1796 1227 1840 superscr.
1245 1806 1293 1829 m.
1296 1796 1340 1840 p.

444 1858 526 1893 Fol.
539 1857 597 1893 64.
623 1868 680 1894 22.
695 1858 791 1893 omis
805 1869 854 1893 m.
856 1860 912 1904 p.,
931 1870 958 1875 -
974 1858 1124 1894 addidit
1139 1869 1276 1893 manus
1284 1858 1486 1904 posterior.

443 1922 523 1957 Fol.
542 1921 588 1957 64
600 1922 637 1956 b.
679 1930 735 1966 27.
752 1928 807 1958 ert
825 1925 932 1968 ηιμ,
951 1922 962 1957 i
978 1924 1159 1969 superscr.
1177 1933 1272 1957 corr.
1290 1924 1386 1968 ηιμ
1435 1931 1492 1967 29.
1510 1922 1616 1958 stllae
1641 1932 1689 1956 m.
1696 1923 1751 1967 p.,
1776 1931 1798 1957 e
1821 1922 2002 1967 superscr.
2025 1931 2119 1956 corr.
2140 1931 2189 1955 m.
2200 1922 2243 1967 p.

538 1987 595 2022 31.
613 1977 729 2014 sumis
747 1980 854 2024 ηιμ,
871 1989 909 2013 m
927 1980 1110 2024 superscr.
1128 1989 1223 2013 corr.
1239 1989 1287 2012 m.
1292 1979 1336 2023 p.

443 2041 524 2077 Fol.
541 2040 598 2076 65.
632 2050 688 2085 34.
714 2042 737 2079 †
761 2045 848 2078 ante
872 2042 994 2077 Amen
1017 2052 1134 2076 manu
1153 2051 1186 2086 2,
1203 2041 1361 2077 initium
1384 2045 1429 2076 ut
1451 2040 1608 2077 uidetur
1628 2041 1796 2077 lectionis
1820 2043 1937 2075 notat.
1963 2039 2062 2076 donc
2087 2050 2135 2074 m.
2141 2041 2197 2085 p.,
2222 2050 2244 2074 e

535 2098 719 2142 superscr.
735 2108 829 2133 corr.
847 2108 896 2132 m.
901 2099 944 2143 p.

442 2160 473 2196 F
476 2160 524 2196 01.
541 2160 598 2196 66.
633 2168 688 2206 51.
713 2172 738 2207 g
762 2162 805 2196 in
829 2160 975 2205 ignorat
999 2172 1048 2196 ex
1069 2172 1093 2196 n
1118 2161 1283 2196 correxit
1308 2172 1356 2195 m.
1365 2163 1409 2206 p.
1459 2161 1515 2196 25.
1545 2169 1575 2196 1.
1596 2160 1617 2197 †
1635 2163 1722 2195 ante
1746 2160 1853 2195 Tunc
1877 2169 1995 2194 manu
2013 2168 2058 2203 23
2085 2159 2243 2194 initium

534 2215 702 2251 lectionis
715 2216 779 2262 (ἓ).

443 2271 522 2307 Fol.
539 2271 586 2306 66
598 2272 634 2307 b.
668 2279 701 2316 7.
718 2277 984 2318 composurunt
998 2273 1105 2318 ηιμ,
1118 2282 1139 2307 e
1151 2273 1332 2317 superscr.
1343 2282 1438 2307 corr.
1450 2282 1498 2306 m.
1513 2280 1546 2316 3.
1600 2282 1652 2306 10.
1670 2271 1773 2306 clusa
1790 2281 1838 2305 m.
1842 2271 1896 2315 p.,
1915 2281 1937 2305 a
1953 2271 2134 2315 superscr.
2147 2278 2242 2304 corr.

537 2338 585 2362 m.
600 2337 633 2372 3.
670 2337 724 2363 12.
739 2328 835 2363 Post
848 2326 956 2363 uobis
972 2331 1028 2362 est
1035 2338 1111 2362 ras.
1130 2327 1151 2362 8
1169 2331 1239 2362 aut
1249 2337 1270 2372 9
1287 2327 1531 2370 litterarum,·
1555 2338 1630 2372 nec,
1646 2325 1743 2372 quid
1754 2327 1936 2372 scriptum
1943 2326 2080 2371 fiterit,
2096 2323 2226 2370 liquet.

443 2390 524 2426 Fol.
542 2390 600 2426 67.
634 2398 687 2434 17.
705 2391 760 2426 ad
759 2391 858 2436 fin.;
882 2390 1032 2426 addidit
1047 2402 1183 2426 manus
1193 2392 1394 2437 posterior.

540 2446 594 2481 18.
620 2445 814 2482 dfiiamdx‘ii
840 2445 896 2481 sui
921 2457 969 2481 m.
975 2449 1019 2492 p.
1035 2447 1211 2490 incaute;
1233 2447 1352 2482 erasit
1374 2457 1436 2483 am
1462 2446 1527 2482 dfii
1553 2445 1609 2482 sui
1634 2450 1672 2482 et
1694 2444 1750 2482 sui
1774 2446 1818 2480 in
1838 2444 1914 2480 loco
1931 2455 1992 2480 am
2009 2443 2074 2479 dfii
2082 2444 2217 2490 posuit
2229 2457 2243 2479 .-

537 2513 570 2536 ν.
594 2510 647 2546 19.
667 2502 756 2537 Post
771 2502 814 2536 in
830 2513 971 2537 rasura
989 2502 1044 2538 sui
1061 2503 1244 2548 scriptum
1261 2506 1325 2537 est.

443 2565 474 2600 F
477 2564 525 2600 ol.
542 2564 636 2600 6712.
671 2565 727 2600 20.
751 2565 864 2601 talete.
886 2567 994 2611 ηιμ,
1012 2577 1038 2600 n
1057 2568 1239 2611 superscr.
1264 2576 1359 2601 corr.
1380 2577 1428 2601 m.
1434 2567 1478 2611 p.
1526 2564 1601 2601 alia
1625 2564 1788 2611 quinque
1812 2575 1855 2599 su
1878 2561 1882 2609 Ι
1903 2563 2132 2609 perlucratus
2157 2573 2241 2598 sum

536 2621 690 2666 scripsit
711 2632 759 2655 m.
763 2623 819 2666 p.,
844 2621 986 2656 talenta
1010 2621 1144 2655 omisso
1158 2633 1172 2656 .·
1196 2622 1314 2656 erasit
1338 2632 1381 2656 su
1405 2632 1500 2656 corr.
1518 2623 1626 2667 ηιμ,
1650 2624 1687 2655 et
1708 2620 1847 2656 talenta
1868 2620 1911 2654 in
1933 2629 2073 2654 rasura
2081 2618 2242 2664 posuit,-

537 2686 581 2710 su
605 2676 648 2710 in
664 2677 838 2722 margine
853 2676 1039 2721 sequentis
1056 2676 1176 2711 lineae
1191 2680 1279 2711 ante
1293 2676 1522 2722 perlucratus
1539 2675 1697 2711 addidit.

539 2740 595 2766 21.
619 2730 708 2766 fusti
739 2742 788 2766 m.
797 2733 853 2777 μ,
883 2730 894 2766 i
921 2733 1104 2777 superscr.
1130 2741 1225 2766 corr.
1254 2742 1303 2766 ηι
1315 2732 1357 2778 μ
1408 2740 1464 2766 22.
1489 2730 1564 2767 alia
1592 2730 1742 2766 addidit
1766 2731 1809 2765 in
1842 2730 2014 2776 margine
2039 2740 2088 2764 m.
2091 2730 2133 2775 p.
2184 2736 2240 2774 25.

535 2786 742 2823 talentuum
758 2797 807 2821 m.
816 2788 871 2832 p.,
888 2785 994 2832 quod
1003 2787 1046 2822 in
1062 2786 1245 2823 talentum
1258 2792 1363 2822 tuum
1380 2787 1544 2823 correxit
1557 2786 1682 2822 eadem
1700 2796 1846 2821 manus.
