2872 3268
506 225 558 254 10

314 330 395 361 Fol.
409 330 468 362 18.
499 336 537 371 et
555 329 770 380 egrimonia

498 398 633 431 nostra
651 398 765 441 porta

497 454 552 494 uit
569 471 577 480 ·
614 453 644 475 ²⁸
657 452 806 492 Uidens

498 524 629 557 autem
652 517 712 555 ihs
731 522 792 554 tur

497 581 568 618 bas
587 579 727 617 multas
749 578 804 617 cir

498 655 588 681 curn
608 655 649 681 se
698 641 806 679 iussit

497 704 707 755 discipulos
727 715 772 742 su

497 780 544 806 os
563 768 617 805 ire
637 773 742 805 trans

498 830 660 868 fretum·
693 827 777 865 1⁹Et
800 839 846 866 ac

499 892 642 932 cedens
661 890 806 940 quida-

499 955 624 994 scriba
647 953 699 991 ait
716 952 767 990 illi
783 970 790 978 ·

500 1016 688 1066 Magister
744 1026 786 1053 se

501 1091 600 1129 quor
619 1085 656 1116 te
677 1080 811 1128 quocfi

501 1154 576 1191 que
596 1140 682 1179 ieris
699 1157 707 1166 ·
737 1137 876 1177 ²⁰Dicit

502 1205 537 1242 ei
556 1204 615 1242 ihs
666 1202 802 1252 uulpes

502 1267 635 1306 foueas
655 1267 773 1304 abent
788 1282 796 1290 ·

500 1335 539 1368 et
558 1328 733 1368 uolucres
756 1325 829 1365 celi

501 1391 616 1430 nidos
672 1389 738 1427 ubi
757 1400 800 1427 re

502 1455 705 1504 quiescant
720 1470 728 1478 ·

501 1517 620 1556 Filius
639 1522 769 1554 autem
789 1513 842 1552 ho

500 1579 617 1619 minis
635 1590 718 1617 non
737 1577 788 1616 ha

501 1670 567 1707 bet
584 1667 650 1706 ubi
669 1665 797 1716 capud
816 1664 865 1703 de

502 1731 619 1770 clinet
636 1746 645 1756 ·
672 1728 816 1767 21ΑΙίιιε
836 1739 887 1767 au
933 1783 935 1786 Ι

501 1800 581 1832 tem
601 1791 810 1842 discipulus

504 1856 556 1895 ait
573 1855 624 1893 illi
640 1872 648 1881 ·
691 1854 766 1892 dfie
786 1865 856 1904 per

503 1918 610 1956 mitte
634 1917 728 1954 mihi
751 1916 810 1967 pri

504 1993 614 2019 mum
633 1980 684 2018 ire
704 1986 804 2032 etse

505 2043 635 2094 pellite
656 2048 793 2092 patre-

505 2117 639 2144 meum
655 2121 664 2130 ·
693 2102 782 2142 22Αῑ
803 2103 888 2154 ipse

504 2169 556 2206 ait
579 2168 630 2205 illi
654 2178 813 2216 sequere

505 2243 569 2269 me
623 2230 705 2269 sine
726 2234 854 2267 mortu

506 2306 553 2333 os
573 2291 746 2343 sepellire
766 2302 854 2329 mor

505 2363 593 2396 tuos
616 2367 727 2394 suos·

504 2417 590 2457 ⁹³Et
610 2415 845 2456 ascendente
864 2427 913 2455 eo

505 2482 546 2520 in
566 2480 744 2519 nauicula
763 2491 806 2518 se

508 2544 586 2583 cuti
606 2549 695 2581 sunt
714 2554 805 2580 eum

510 2605 684 2656 discipuli
707 2605 789 2643 eius
806 2624 815 2634 ·

509 2667 595 2705 24Et
614 2679 705 2706 ecce
724 2673 854 2705 motus
874 2678 966 2716 mag

510 2742 584 2768 nus
606 2729 726 2767 factus
745 2735 804 2766 est

510 2791 550 2828 in
570 2791 688 2828 mari·
730 2791 781 2828 ita
803 2796 844 2828 ut

509 2852 685 2891 nauicula
699 2853 807 2902 operi

510 2921 612 2953 retur
631 2927 654 2954 a
674 2914 849 2954 fluctibus
866 2931 874 2940 ·

1406 209 1566 251 SECD
1575 233 1584 244 ·

1005 326 1096 377 Ipse
1116 333 1246 365 autem
1269 325 1396 365 dormi

1004 390 1116 428 ebat·
1156 389 1231 428 ²⁵et
1250 400 1343 427 acce

1004 452 1141 490 dentes
1161 451 1352 490 suscitaue

1003 520 1093 552 runt
1112 526 1201 552 eum
1223 512 1318 551 disci

1003 576 1082 627 puli
1102 576 1182 614 eius
1197 575 1312 614 dicen

1004 645 1060 677 tes
1082 659 1090 669 ·
1121 638 1197 676 dne
1231 637 1351 675 libera

1004 712 1077 739 nos
1097 700 1290 751 perimus·

1002 761 1030 785 ²⁶
1042 762 1092 800 Et
1112 762 1164 800 ait
1182 761 1253 800 illis
1290 759 1383 811 quid
1402 760 1429 799 ti

1003 824 1097 863 midi
1117 824 1209 862 estis
1227 822 1337 861 modi

1005 899 1049 926 ce
1065 886 1154 925 fidei
1170 904 1178 912 ·
1209 885 1327 924 Tunc

1005 959 1169 998 surgens
1187 948 1291 998 impe

1005 1011 1103 1049 rauit
1122 1016 1239 1048 uento

1006 1080 1045 1112 et
1065 1073 1160 1111 mari
1211 1078 1250 1110 et
1268 1071 1371 1110 facta

1007 1142 1067 1175 est
1090 1134 1286 1185 tranquilli

1007 1205 1066 1237 tas
1086 1209 1231 1248 magna
1247 1218 1255 1227 ·
1305 1194 1342 1236 ,²⁷
1355 1195 1408 1234 illi

1008 1266 1139 1299 autem
1159 1259 1337 1311 homines

1009 1323 1135 1362 mirati
1155 1328 1243 1360 sunt
1262 1322 1378 1361 dicen

1009 1392 1067 1424 tes
1120 1384 1242 1435 qualis
1255 1390 1319 1422 est

1006 1448 1070 1487 hic
1126 1446 1233 1497 quod
1251 1446 1359 1484 uenti

1008 1518 1046 1550 et
1065 1510 1163 1548 mari
1183 1509 1397 1548 oboediunt

1008 1573 1044 1613 ei
1059 1593 1067 1602 ·
1096 1570 1125 1594 2⁸
1136 1578 1174 1611 et
1192 1583 1283 1610 cum
1302 1572 1412 1610 uenis

1009 1667 1067 1700 set
1085 1667 1190 1699 trans
1209 1659 1307 1698 freti-1
1323 1677 1330 1686 ·

1008 1724 1049 1762 in
1067 1722 1226 1773 regione
1246 1734 1339 1772 gera

1009 1798 1193 1825 senorum
1210 1803 1218 1811 ·
1259 1796 1377 1824 occur

1009 1855 1142 1887 rerunt
1160 1848 1197 1886 ei
1215 1847 1294 1886 duo

1009 1911 1191 1950 homines
1246 1910 1320 1949 dae

1009 1973 1144 2012 monia
1162 1972 1348 2010 habentes
1364 1989 1373 1998 ·

1010 2036 1060 2074 de
1079 2035 1345 2074 monumentis

1010 2104 1196 2137 exeuntes
1235 2098 1319 2147 peri

1012 2161 1131 2200 culosi
1151 2160 1265 2198 nimis
1282 2177 1289 2186 ·

1012 2223 1071 2261 Ita
1090 2230 1131 2261 ut
1150 2235 1268 2263 nemo
1287 2234 1360 2273 pos

1012 2292 1069 2324 set
1088 2286 1229 2324 transsi

1011 2359 1053 2385 re
1073 2359 1142 2397 per
1161 2347 1267 2385 uiam
1286 2346 1378 2385 illa-
1393 2364 1402 2373 ·

1010 2408 1039 2431 ²⁹
1050 2409 1101 2448 Et
1120 2421 1212 2448 ecce
1231 2409 1458 2448 exclamaue

1013 2478 1102 2511 runt
1122 2472 1295 2511 dicentes

1014 2534 1121 2582 Quid
1144 2535 1258 2573 nobis
1281 2541 1319 2573 et
1338 2535 1406 2572 tibi

1012 2597 1079 2636 ihu
1098 2597 1151 2635 fili
1171 2596 1212 2635 di
1265 2597 1376 2637 uenis

1014 2659 1042 2698 ti
1062 2659 1125 2698 hic
1146 2666 1235 2698 ante
1255 2666 1334 2698 tem

1015 2734 1089 2773 pus
1109 2729 1289 2772 torquere

1015 2796 1110 2823 nos·
1140 2783 1270 2822 ⁸⁰Erat
1289 2787 1377 2823 aute

1016 2847 1133 2896 longe
1154 2847 1203 2885 ab
1224 2847 1296 2885 illis
1315 2859 1412 2897 grex

1015 2920 1223 2958 porcorum
1243 2909 1366 2948 multo

1014 2981 1100 3008 rum
1119 2971 1363 3022 pascentium

1543 326 1571 348 ³¹
1585 321 1809 366 Daemones
1829 329 1919 365 aute

1543 389 1735 439 rogabant
1756 400 1847 427 eum

1543 451 1715 491 dicentes
1767 451 1808 490 Si
1827 452 1863 490 ei

1544 514 1599 553 cis
1619 506 1694 553 nos
1747 513 1887 565 permit

1543 583 1579 616 te
1600 589 1674 616 nos
1693 577 1746 615 ire
1766 577 1806 614 in
1826 588 1895 627 gre

1542 652 1633 690 gem
1652 651 1861 690 porcorum
1877 657 1884 665 ·

1543 701 1571 723 ⁸²
1583 702 1633 741 Et
1652 702 1704 741 ait
1722 702 1793 741 illis
1812 702 1863 740 ite
1880 719 1888 728 ·
1930 707 1969 741 at

1544 764 1597 802 illi
1615 771 1801 804 exeuntes
1820 764 1883 803 abi

1545 833 1657 865 erunt
1677 827 1716 865 in
1736 838 1877 876 porcos
1893 844 1901 853 -

1544 888 1596 927 Et
1614 901 1706 927 ecce
1726 889 1915 939 impetum

1546 951 1639 990 abiit
1657 957 1760 990 totus
1779 964 1874 1002 grex

1545 1026 1614 1064 per
1632 1025 1794 1064 preceps
1812 1014 1854 1052 in

1546 1087 1655 1114 mare
1709 1082 1748 1114 et
1770 1087 1857 1114 mor

1547 1138 1602 1177 tui
1621 1144 1710 1176 sunt
1730 1138 1769 1176 in
1789 1150 1812 1176 a

1547 1200 1634 1250 quis
1649 1218 1657 1226 ·
1687 1199 1716 1221 ³³
1729 1200 1783 1238 Hi
1802 1203 1892 1238 aute

1548 1263 1616 1314 qui
1636 1274 1705 1301 eos
1725 1263 1938 1314 pascebant
1953 1278 1962 1287 ·

1548 1325 1727 1375 fugerunt
1779 1331 1817 1363 et
1839 1337 1888 1363 ue

1549 1387 1699 1426 nientes
1718 1387 1759 1426 in
1777 1387 1893 1427 ciuita

1549 1456 1628 1489 tem
1684 1450 1867 1488 nuntiaue

1548 1519 1637 1551 runt
1655 1512 1806 1551 omnia·
1848 1518 1886 1551 et

1549 1574 1598 1614 de
1617 1574 1677 1613 his
1696 1575 1763 1627 qui
1782 1574 1900 1614 demo

1549 1665 1658 1703 nium
1677 1664 1873 1703 habebant
1886 1680 1894 1688 ·

1547 1727 1576 1748 ⁸4
1587 1727 1639 1766 Et
1658 1739 1750 1765 ecce
1763 1732 1845 1765 tota
1864 1725 1939 1764 ciui

1547 1796 1606 1829 tas
1621 1790 1711 1830 exiit
1729 1789 1771 1827 in
1790 1788 1948 1828 obuiam

1549 1852 1635 1890 ihu·
1680 1858 1719 1891 et
1736 1852 1821 1890 uiso
1839 1863 1888 1890 eo
1908 1863 1952 1890 ro

1550 1915 1697 1966 gabant
1749 1921 1790 1953 ut
1809 1921 1915 1953 trans

1551 1979 1643 2018 siret
1661 1990 1685 2017 a
1703 1977 1844 2016 finibus
1864 1981 1988 2016 eoru*
1999 1997 2009 2007 ι

1554 2046 1595 2080 9.
1607 2041 1673 2079 1Et
1684 2040 1904 2079 ascendens
1918 2040 1958 2078 in
1971 2051 2023 2079 na

1552 2103 1720 2143 uiculam
1739 2109 1844 2141 trans

1553 2164 1703 2205 fretauit
1753 2172 1791 2204 et
1810 2166 1917 2204 uenit

1552 2230 1593 2268 in
1612 2229 1806 2268 ciuitatem
1825 2240 1937 2267 suam
1949 2245 1958 2254 ·

1553 2290 1567 2311 ²
1579 2291 1629 2330 Et
1648 2291 1869 2341 optulerunt
1886 2290 1923 2329 ei

1552 2354 1807 2405 paralyticum
1821 2353 1858 2391 ia

1554 2422 1706 2455 centem
1724 2415 1765 2453 in
1788 2415 1888 2454 lecto
1904 2432 1912 2441 ·

1553 2478 1604 2517 Et
1618 2478 1756 2517 uidens
1773 2477 1832 2516 ihs
1852 2477 1970 2516 fidem

1553 2541 1706 2580 illorum
1760 2540 1854 2578 dixit
1873 2552 1924 2590 pa

1552 2603 1711 2655 ralytieo
1725 2620 1734 2630 ·
1775 2611 1958 2642 constans

1554 2674 1638 2706 esto
1658 2666 1711 2704 fili
1763 2665 1926 2704 remissa

1555 2736 1646 2770 sunt
1664 2729 1732 2768 tibi
1752 2735 1914 2779 peccata

1555 2800 1642 2833 tua·
1682 2792 1950 2840 ³Quidamau

1556 2862 1635 2895 tem
1654 2867 1704 2894 ex
1724 2855 1856 2894 scribis
1875 2854 1966 2894 dixe

1554 2924 1643 2958 runt
1655 2936 1663 2945 ·
1703 2918 1800 2957 intra
1819 2929 1861 2957 se

2182 218 2293 261 [vm.
2314 222 2443 264 17-IX.
2464 231 2515 254 10.

2047 325 2126 365 Hic
2144 325 2348 366 blasfemat
2363 348 2373 357 ·

2045 389 2060 410 ⁴
2071 395 2110 427 et
2124 389 2261 428 uidens
2274 389 2340 428 ‘ihs

2047 451 2310 502 cogitationes·
2324 463 2372 491 eo

2047 525 2135 552 rum
2154 513 2247 552 dixit
2263 531 2271 540 ·
2312 520 2356 552 ut

2047 575 2143 626 quid
2162 576 2339 626 cogitatis
2358 588 2424 615 ma

2047 638 2085 677 la
2102 638 2143 676 in
2163 638 2342 677 cordibus
2357 650 2426 676 ues

2047 701 2113 740 tris
2162 700 2177 722 ⁵
2189 700 2282 751 quid
2300 707 2359 739 est
2376 699 2415 739 fa

2048 763 2155 802 cilius
2176 763 2303 802 dicere
2322 775 2364 802 re

2048 826 2249 864 mittuntur
2267 826 2334 864 tibi

2048 894 2211 939 peccata
2230 894 2296 927 tua
2312 909 2320 918 ·
2353 893 2420 926 aut

2050 951 2178 990 dicere
2198 963 2312 1001 surge
2332 957 2370 989 et

2051 1012 2207 1051 ambula
2222 1033 2230 1042 ·
2261 1013 2326 1051 ⁶ut
2346 1013 2402 1051 sci

2039 1074 2123 1114 'atis
2142 1082 2272 1114 autem
2291 1076 2382 1126 quia

2051 1137 2151 1176 filius
2169 1137 2339 1176 hominis
2400 1158 2417 1165 x

2052 1206 2287 1250 potestatem
2306 1200 2358 1239 ha

2052 1263 2118 1300 bet
2135 1262 2176 1299 in
2195 1268 2294 1300 terra
2315 1274 2357 1301 re

2053 1324 2228 1363 mittendi
2246 1330 2407 1375 peccata
2421 1342 2431 1351 ·

2054 1386 2170 1426 Tunc
2190 1387 2241 1425 ait
2259 1386 2420 1438 paralyti

2054 1461 2124 1488 co·
2166 1461 2329 1499 surgens
2349 1448 2405 1487 tol

2053 1511 2088 1550 le
2108 1511 2249 1551 lectum
2268 1518 2376 1550 tuum

2055 1581 2092 1614 et
2110 1574 2212 1613 uade
2230 1574 2269 1612 in
2289 1574 2452 1613 domum

2054 1670 2185 1702 tuam·
2231 1663 2245 1684 ⁷
2257 1668 2296 1702 et
2315 1675 2482 1714 surgens

2054 1726 2147 1765 abiit
2165 1726 2206 1764 in
2225 1725 2388 1764 domum

2056 1801 2166 1827 suam
2181 1806 2189 1815 ·
2221 1788 2235 1809 ⁸
2248 1787 2379 1839 Uiden

2056 1858 2114 1890 tes
2134 1857 2263 1890 autem
2282 1857 2342 1890 tur

2056 1915 2106 1953 be
2125 1914 2334 1952 timuerunt
2350 1931 2359 1941 ·

2056 1983 2094 2015 et
2113 1976 2377 2015 honorificaue

2057 2045 2147 2078 runt
2166 2039 2232 2077 dm
2252 2039 2319 2089 qui

1998 2135 2001 2140 .
2058 2108 2205 2142 tantam
2226 2107 2378 2152 potesta

2058 2171 2138 2204 tem
2157 2164 2262 2203 dedit
2281 2164 2388 2203 homi

2057 2227 2172 2266 nibus
2193 2243 2201 2253 ·
2239 2244 2294 2260 m
2366 2243 2421 2260 m

2112 2305 2420 2324 mmm

2022 2352 2044 2376 *
2057 2351 2133 2390 ⁹Et
2151 2364 2241 2391 cum
2259 2351 2456 2390 transsiret

2025 2414 2150 2453 *inde
2169 2415 2228 2452 ihs
2282 2414 2378 2453 uidit

2058 2477 2262 2516 hominem

2058 2539 2260 2578 sedentem

2057 2603 2099 2640 in
2117 2602 2299 2641 theloneo
2311 2619 2319 2628 ·
2364 2613 2418 2640 no

2055 2665 2160 2703 mine
2180 2665 2396 2704 mattheu*·

2057 2728 2109 2767 Et
2128 2728 2180 2767 ait
2197 2728 2249 2766 illi
2269 2740 2389 2778 seque
2433 2720 2443 2729 ’

2058 2803 2098 2830 re
2118 2804 2181 2830 me
2198 2807 2207 2816 ·
2252 2797 2290 2830 et
2309 2802 2471 2841 surgens

2059 2860 2213 2893 secutus
2232 2859 2291 2892 est
2309 2866 2399 2892 eum
2416 2871 2424 2879 ·

2059 2915 2089 2937 ¹⁰
2101 2917 2151 2955 Et
2169 2916 2316 2955 factum
2334 2922 2392 2955 est
2410 2927 2450 2955 re

2059 2980 2265 3019 cumbente
2285 2978 2350 3017 illo
2368 2976 2370 2978 ’

2533 337 2615 369 Ἐόὶ.
2630 336 2688 371 19.
