2872 3268
0 515 21 661 Ξ

115 340 197 372 1¹01.
209 340 296 373 229.

325 234 383 267 IX.
397 231 519 276 6-35.]

323 345 381 378 set
394 361 403 370 ·
441 340 575 390 expuit
594 340 634 378 in
653 346 754 378 terra

321 410 360 441 et
379 402 468 441 fecit
486 403 610 441 lutum
629 415 677 441 ex
698 414 771 452 spu

321 471 363 503 to
380 486 389 495 ·
432 472 470 504 et
489 466 716 516 superunxit

322 539 413 566 cum
433 528 515 566 luto
536 541 652 578 super
671 540 697 566 0

321 590 432 629 00103
450 591 533 629 0105
571 591 584 612 ⁷
597 598 634 629 et
655 590 751 629 dixit

320 652 357 690 ei
394 653 494 691 uade
514 653 602 691 laua
622 653 662 691 in
682 665 734 691 na

318 715 458 754 tatorio
478 715 595 753 siluae

318 777 427 827 quod
446 777 654 828 interpreta

317 845 379 877 tur
399 839 538 877 missus
585 846 622 878 et
642 839 705 877 abi

317 901 346 939 it
392 908 430 939 et
449 901 542 940 lauit
587 908 626 940 et
644 902 751 941 uenit

318 963 456 1003 uidens
473 985 482 994 ·
524 964 537 984 ⁸
550 963 680 1002 Uicini

317 1039 413 1077 ergo
432 1027 514 1065 eius
534 1027 651 1064 uiden

316 1095 374 1128 tes
393 1101 484 1128 eum
503 1090 674 1140 primum

317 1151 425 1203 quod
443 1152 648 1190 mendicus

315 1220 397 1253 erat
452 1214 635 1253 dicebant
651 1236 659 1244 ·

316 1289 451 1316 nonne
470 1276 533 1316 hic
552 1283 610 1315 est
629 1277 696 1327 qui

317 1339 475 1379 sedebat
494 1347 532 1378 et
550 1352 642 1377 men

315 1402 471 1441 dicabat
486 1423 495 1433 ·
536 1402 612 1440 Alii
632 1401 716 1441 dice

315 1465 409 1503 bant
428 1465 519 1515 quia
537 1464 600 1503 hic
619 1471 677 1503 est
690 1486 699 1495 ·

315 1527 330 1549 ⁹
341 1527 419 1565 Alii
438 1533 567 1566 autem
586 1527 765 1566 dicebant

315 1616 406 1666 quia
425 1615 558 1653 similis
578 1621 636 1653 est
655 1615 690 1653 ei
707 1636 716 1645 ·

313 1677 384 1716 Ille
403 1683 533 1715 autem
553 1677 703 1715 dicebat

314 1740 406 1790 quia
423 1752 499 1790 ego
519 1751 605 1778 sum
621 1761 630 1770 ·
660 1739 689 1760 1⁰
701 1739 752 1778 Di

313 1802 453 1841 cebant
471 1814 564 1852 ergo
583 1803 618 1839 ei
638 1814 717 1852 quo

312 1865 434 1907 modo
454 1865 574 1914 aperti
595 1872 684 1903 sunt

311 1927 380 1966 tibi
399 1927 502 1965 oculi
519 1948 527 1957 -
568 1924 597 1947 11
612 1926 692 1964 Res

310 1989 450 2040 pondit
469 1989 529 2028 ille
548 1995 586 2027 et
605 1989 701 2028 dixit
714 2010 722 2019 ·

311 2051 448 2091 Homo
469 2052 535 2102 qui
555 2052 693 2090 dicitur

309 2118 385 2165 xps
431 2115 554 2153 lutum
573 2114 662 2153 fecit
675 2135 684 2144 ·

308 2183 347 2215 et
370 2177 592 2227 superunxit
616 2177 670 2215 mi

310 2238 350 2278 hi
369 2239 507 2278 oculos
524 2260 533 2269 ·
573 2238 625 2277 Et
644 2239 740 2278 dixit

310 2301 405 2340 mihi
451 2302 550 2340 uade
570 2302 612 2339 in
631 2308 722 2340 nata

309 2364 409 2403 torio
430 2364 568 2402 siloam
587 2370 625 2402 et
643 2364 681 2402 la

309 2438 361 2465 ua
376 2447 385 2457 ·
425 2433 463 2465 et
483 2427 559 2465 abii
578 2433 616 2464 et
635 2426 711 2464 1301

309 2495 348 2527 et
366 2489 447 2527 uidi
461 2510 470 2519 ·
511 2487 540 2510 ¹²
552 2489 744 2528 Dixerunt

308 2563 402 2600 ergo
421 2551 472 2588 illi
492 2551 559 2588 ubi
578 2557 635 2589 est
655 2551 716 2589 1110
733 2571 742 2581 ·

309 2613 402 2651 dicit
420 2613 552 2651 nescio
573 2633 582 2642 ·
622 2611 651 2633 ¹³
665 2613 716 2651 ad

308 2675 456 2712 ducunt
473 2686 563 2712 eum
583 2674 633 2712 ad
652 2674 689 2713 fa

307 2737 429 2775 riseos
450 2737 516 2788 qui
535 2736 657 2774 suerat

1174 227 1207 266 I
1206 218 1469 268 OHANNE
1480 248 1489 258 ·

823 339 1028 378 sabbatum
1048 360 1057 370 ·
1078 352 1183 390 quan

823 401 876 439 do
896 402 1018 440 lutum
1038 402 1178 441 fecerat

823 464 883 502 ihs
901 471 940 503 et
959 465 1107 515 aperuit
1127 477 1204 504 ocu

823 527 882 564 los
901 527 981 565 eius
994 548 1003 557 ·
1044 527 1074 548 ¹¹⁵
1086 527 1189 566 Iterii

821 589 1114 640 interrogabant
1132 594 1181 628 00

822 651 982 690 farisisei
1001 664 1150 702 quomo

823 714 875 751 do
894 714 1024 752 uidisti
1070 715 1131 752 ille
1152 727 1202 753 au

822 782 900 814 tem
920 776 1017 815 dixit
1036 783 1073 815 et
1092 777 1163 815 illis
1178 798 1186 807 ·

821 838 943 877 lutum
964 840 1093 889 posuit
1111 839 1207 878 mihi

821 913 936 951 super
954 902 1089 940 000103
1143 908 1181 940 et

820 963 898 1001 laui
917 970 955 1002 et
973 976 1064 1002 ecce
1084 965 1199 1003 uideo

820 1025 849 1047 ¹⁶
861 1025 1055 1065 Dicebant
1067 1039 1162 1077 ergo
1174 1040 1223 1066 ex
1240 1027 1276 1066 fa

819 1089 926 1127 riseis
946 1089 1106 1139 quidam
1122 1111 1131 1120 ·

821 1151 900 1190 Hic
916 1152 1035 1190 homo
1057 1165 1138 1191 non
1157 1159 1216 1191 est
1235 1166 1258 1192 a

819 1214 870 1252 df>
890 1214 957 1264 qui
978 1215 1180 1253 sabbatum

818 1289 900 1315 non
921 1278 1103 1316 obseruat
1120 1298 1128 1307 ·
1173 1278 1235 1316 alii

819 1339 1000 1378 dicebant
1019 1352 1164 1389 quomo

817 1402 870 1440 do
889 1408 1016 1452 potest
1036 1402 1156 1441 homo

817 1471 999 1514 peccator
1017 1465 1107 1502 talia

817 1527 931 1576 signa
949 1526 1075 1566 facere
1113 1526 1163 1565 Et

817 1614 1007 1652 dissensio
1027 1620 1107 1653 erat
1127 1614 1223 1653 inter

816 1689 883 1716 eos
900 1697 909 1706 ·
924 1697 932 1706 ·
963 1676 991 1698 ¹⁷
1001 1677 1146 1715 Dicunt
1162 1677 1269 1716 illice

816 1751 863 1777 co
883 1740 1020 1777 iterum
1058 1746 1100 1778 tu
1120 1740 1214 1790 quid

816 1802 911 1840 dicis
932 1802 980 1839 de
999 1814 1047 1840 eo
1104 1802 1170 1852 qui
1189 1814 1262 1852 ape

814 1865 889 1902 ruit
909 1864 1046 1903 oculos
1065 1870 1153 1902 tuos
1170 1886 1179 1894 ·

815 1928 867 1965 At
879 1927 940 1965 ille
956 1927 1051 1965 dixit
1085 1931 1180 1978 qum
1195 1939 1266 1977 pro

814 1989 890 2027 feta
909 1996 967 2028 est
1006 1988 1034 2011 ¹⁶
1047 2002 1128 2028 non
1148 2002 1211 2028 cre

814 2051 958 2090 debant
976 2065 1071 2102 ergo
1091 2052 1194 2090 iudei

814 2115 861 2153 de
882 2115 949 2153 illo
1005 2115 1112 2165 quod
1133 2127 1247 2153 cecus

812 2183 893 2216 erat
912 2183 950 2215 et
969 2177 1065 2215 uidit
1082 2198 1090 2207 ·
1112 2177 1236 2216 donec

812 2245 1052 2278 uocauerunt
1071 2252 1191 2289 paren

811 2308 869 2340 tes
887 2303 970 2340 eius
1010 2301 1039 2322 ¹⁹
1051 2308 1088 2340 et
1108 2302 1250 2341 interro

810 2370 1001 2414 gauerunt
1019 2377 1088 2403 eos
1108 2364 1146 2402 di

810 2433 940 2478 centes
960 2426 1022 2465 hic
1042 2433 1100 2465 est
1120 2426 1172 2465 fili

809 2501 855 2526 us
874 2495 999 2527 uester
1054 2501 1170 2539 quem

809 2563 881 2590 uos
901 2551 1024 2589 dicitis
1043 2552 1134 2602 quia
1153 2564 1221 2590 030

809 2625 878 2651 003
898 2620 1011 2651 113ῒο3
1029 2620 1088 2651 est
1103 2633 1112 2643 ·
1151 2612 1203 2652 Et

809 2675 1010 2724 quomodo
1029 2687 1133 2713 nunc
1153 2675 1192 2712 ui

808 2737 895 2775 det·
935 2735 1190 2786 ²⁰Responde

308 2811 423 2838 cecus
439 2819 448 2829 ·
478 2798 508 2820 ²⁴
519 2798 615 2838 Erat
633 2805 761 2838 autem
810 2805 899 2838 runt
917 2810 1013 2849 ergo
1033 2799 1132 2837 illis·

1359 346 1538 390 parentes
1556 341 1638 379 eius
1658 348 1695 379 et

1358 403 1538 441 dixerunt
1550 425 1559 434 -
1601 404 1745 442 scimus

1357 465 1449 515 quia
1469 466 1532 504 hic
1551 472 1609 504 est
1629 466 1730 504 filius

1358 535 1489 566 noster
1542 534 1581 566 et
1601 529 1692 579 quia

1357 602 1496 628 caecus
1516 597 1630 628 natus
1650 597 1707 628 est
1721 611 1730 621 ·

1356 650 1384 672 ²¹
1397 652 1599 702 quomodo
1619 660 1750 692 autem

1357 727 1462 753 nunc
1482 715 1588 754 uidet
1607 716 1715 754 nesci

1356 789 1443 815 mus
1498 783 1564 816 aut
1583 778 1670 828 quis
1690 791 1764 829 ape

1355 840 1430 878 ruit
1449 840 1586 878 000103
1607 841 1690 879 0103

1356 914 1430 940 005
1449 903 1644 941 nescimus
1665 924 1674 933 ·
1718 903 1758 954 ip

1356 975 1397 1002 se
1416 971 1582 1003 aetatem
1601 965 1718 1004 habet

1354 1026 1482 1076 ipsum
1500 1027 1696 1077 interroga

1354 1095 1390 1127 te
1446 1089 1529 1140 ipse
1549 1102 1621 1140 pro
1642 1102 1682 1128 se
1703 1090 1742 1129 lo

1355 1158 1494 1202 quatur
1508 1172 1517 1181 ·
1555 1151 1585 1172 ²²
1597 1152 1709 1191 Haec
1729 1150 1794 1191 dix

1352 1220 1466 1252 erunt
1484 1222 1665 1264 parentes

1352 1276 1434 1313 eius
1476 1277 1567 1326 quia
1585 1277 1767 1315 timebant

1352 1337 1512 1376 iudaeos
1529 1359 1538 1368 ·
1581 1339 1665 1377 Iam
1684 1344 1748 1378 eni

1353 1401 1543 1438 consiliati
1562 1407 1671 1439 erant
1689 1402 1728 1439 iu

1351 1462 1438 1500 daei
1483 1469 1525 1500 ut
1545 1463 1576 1500 si
1596 1464 1681 1513 quis
1700 1475 1791 1502 eum

1351 1525 1596 1564 confiteretur
1614 1529 1710 1576 xpm

1349 1619 1456 1651 extra
1476 1625 1719 1664 synagogam
1739 1614 1788 1653 fie

1349 1682 1406 1713 ret
1444 1676 1473 1696 ²²³
1486 1683 1692 1726 propterea
1711 1689 1762 1727 pa

1349 1744 1474 1776 rentes
1494 1739 1577 1777 eius
1598 1739 1799 1777 dixerunt·

1350 1800 1441 1850 quia
1461 1806 1626 1838 aetatem
1645 1801 1761 1839 habet

1349 1862 1476 1911 ipsum
1495 1863 1725 1913 interrogate
1738 1884 1747 1893 ·

1349 1924 1377 1945 ²⁴
1390 1923 1639 1963 Uocauerunt
1657 1937 1752 1975 ergo

1349 1986 1549 2025 hominem
1568 1988 1705 2025 iterum

1349 2050 1414 2099 qui
1435 2049 1557 2088 fuerat
1577 2062 1693 2088 cecus
1711 2071 1718 2081 ·

1347 2119 1384 2150 et
1404 2112 1582 2150 dixerunt
1600 2113 1660 2151 ei·
1709 2113 1759 2152 da

1346 2174 1538 2213 honorem
1557 2175 1609 2213 do
1625 2196 1634 2205 ·
1675 2188 1749 2213 nos

1347 2237 1489 2276 scimus
1509 2241 1603 2288 qfim
1623 2238 1684 2276 hic
1705 2238 1758 2277 ho

1346 2311 1413 2338 mo
1432 2307 1613 2350 peccator
1631 2307 1688 2339 est
1701 2322 1710 2331 ·

1347 2360 1375 2382 ²⁵
1382 2362 1490 2400 Dixit
1502 2375 1596 2413 ergo
1612 2363 1674 2401 ille
1691 2364 1723 2401 si
1738 2377 1810 2414 pec

1347 2431 1455 2464 cator
1472 2432 1530 2463 est
1572 2426 1704 2464 nescio
1719 2447 1728 2456 ·

1344 2500 1467 2525 unum
1487 2489 1568 2526 3010
1588 2489 1679 2538 quia
1698 2501 1766 2527 cae

1346 2562 1414 2589 cus
1434 2563 1540 2589 eram
1555 2557 1596 2588 vet
1614 2551 1734 2589 modo

1344 2613 1460 2651 uideo
1481 2633 1490 2642 ·
1525 2611 1757 2651 ²⁶Dixerunt

1343 2687 1437 2724 ergo
1457 2675 1509 2712 illi
1528 2676 1664 2713 iterum
1681 2696 1689 2706 ·

1343 2736 1437 2786 quid
1456 2737 1545 2775 fecit
1563 2737 1631 2775 tibi
1651 2749 1731 2789 quo

1343 2799 1464 2838 modo
1483 2800 1632 2849 aperuit

2274 238 2332 284 55

1861 340 1998 380 000103
2017 347 2128 380 tuos·
2172 341 2273 382 27105

1860 404 1999 454 pondit
2018 405 2074 442 eis
2094 405 2174 444 dixi
2193 418 2246 446 uo

1861 466 1920 503 bis
1940 466 2017 505 iam
2035 473 2074 505 et
2096 480 2178 506 non
2199 468 2308 508 audis

1860 528 1908 567 tis
1925 549 1934 558 ·
1975 529 2070 580 quid
2090 530 2228 570 iterum

1859 591 1975 629 uultis
1995 592 2125 631 audire
2139 614 2148 623 ·

1859 654 2048 704 numquid
2067 661 2105 693 et
2124 667 2197 694 uos
2217 657 2284 695 uul

1858 716 1906 754 tis
1926 717 2104 767 discipuli
2125 719 2207 757 eius
2227 719 2253 757 fi

1858 778 1938 817 eri·
1977 777 2215 819 28Μ31ος11110

1857 847 1947 879 runt
1965 841 2073 880 illum
2094 842 2208 881 dicen

1857 909 1915 942 tes
1970 910 2013 942 tu
2032 916 2073 942 es
2094 905 2246 956 discipu

1857 965 1916 1004 103
1935 965 2035 1005 111103
2091 979 2166 1006 005
2185 971 2275 1006 aute

1856 1029 1982 1078 moysi
2003 1041 2137 1068 sumus
2159 1030 2256 1068 disci

1855 1090 1961 1140 puli·
1991 1089 2115 1130 ²¹’N0¹s
2134 1092 2278 1131 scimus
2323 1120 2325 1122 »

1856 1153 1947 1202 quia
1966 1155 2090 1204 moysi
2110 1155 2265 1193 locutus

1856 1221 1914 1254 est
1934 1216 1979 1254 ds
1993 1236 2003 1245 ·
2044 1215 2165 1255 Hunc
2186 1220 2276 1255 aute

1854 1278 2050 1317 nescimus
2069 1278 2175 1317 00(10
2195 1279 2244 1317 sit

1854 1340 1883 1361 ³⁰
1897 1340 2118 1390 Respondit
2138 1341 2259 1380 homo
2283 1348 2322 1381 et

1853 1402 1947 1440 dixit
1966 1402 2038 1441 illis
2054 1423 2062 1433 ·
2103 1403 2143 1441 in
2162 1403 2238 1443 hoc
2253 1397 2314 1442 mi¹

1852 1465 1970 1503 rabile
1990 1471 2048 1503 est
2067 1465 2157 1515 quia
2174 1478 2248 1504 uos

1852 1527 2080 1566 110500301ῐὶ5
2099 1528 2205 1566 00(10

1851 1614 1899 1654 sit
1912 1635 1921 1645 ·
1962 1622 2001 1654 et
2019 1616 2169 1666 aperuit
2189 1629 2267 1655 ocu

1849 1677 1909 1716 los
1928 1690 2039 1716 meos
2054 1699 2063 1708 ·
2095 1677 2123 1699 ³²
2137 1679 2290 1717 Scimus
2317 1717 2325 1725 ,

1850 1741 1952 1778 enim
1975 1741 2067 1791 quia
2085 1749 2252 1791 peccato

1848 1814 1909 1840 res
1930 1803 1974 1840 d's'
1994 1815 2076 1841 non
2096 1804 2253 1843 exaudit
2269 1825 2279 1835 ·

1851 1864 1929 1903 Sed
1950 1865 1982 1903 si
2002 1866 2086 1915 quis
2107 1865 2146 1903 di
2164 1866 2290 1905 cultor

1847 1933 1905 1965 est
1951 1933 1989 1965 et
2008 1928 2250 1966 uoluntatem

1848 1990 1930 2028 eius
1949 1989 2040 2028 facit
2059 1990 2162 2028 hunc
2183 2003 2234 2029 au

1848 2052 1903 2090 dit
1919 2073 1928 2082 ·
1971 2050 2049 2090 112Α
2069 2053 2224 2092 3300010

1846 2126 2061 2165 numquam
2073 2115 2215 2154 -auditii

1846 2183 1906 2215 est
1952 2177 2017 2227 qui
2037 2178 2184 2227 aperuit

1847 2239 1933 2288 quis
1953 2239 2087 2278 oculos
2105 2240 2213 2279 caeci

1847 2302 1927 2339 nati
1943 2322 1952 2332 ·
1993 2301 2021 2322 ³³
2034 2302 2108 2340 nisi
2128 2308 2231 2340 esset

1846 2362 1908 2401 hic
1929 2376 1952 2402 a
1972 2364 2023 2402 do
2044 2376 2126 2402 non
2146 2370 2300 2414 poterat
2318 2413 2322 2418 ⁵

1845 2425 1972 2464 facere
1992 2427 2203 2476 quicquam
2217 2447 2227 2457 ·

1846 2488 1874 2508 ³⁴
1887 2487 2192 2538 Responderunt
2211 2496 2249 2528 et

1845 2550 2024 2589 dixerunt
2043 2551 2078 2589 ei
2123 2551 2164 2589 in
2184 2564 2258 2602 pec

1845 2620 1934 2651 cato
1958 2619 2071 2652 natus
2091 2626 2133 2652 es
2152 2620 2258 2653 totus

1845 2682 1883 2714 et
1902 2681 1942 2713 tu
1962 2675 2082 2714 doces
2102 2688 2175 2714 nos
2191 2696 2201 2706 ·
2241 2675 2293 2716 Et

1843 2738 2037 2776 eiecerunt
2056 2750 2145 2776 eum
2165 2738 2206 2777 fo

1843 2812 1906 2839 ras
1922 2821 1931 2831 ·
1958 2800 1988 2822 ³⁵
1998 2801 2159 2840 Audiuit
2177 2801 2238 2841 ihs

2346 357 2426 388 1¹01.
2443 358 2527 390 230.
