2872 3268
674 558 891 607 legauerunt
911 570 999 596 eum
1019 559 1071 597 lin

674 625 741 661 teis
762 635 852 662 cum
873 625 1109 663 aromatibus

674 691 770 726 sicut
790 701 878 728 mos
899 690 1045 728 iudaeis
1065 698 1122 729 est

673 755 830 804 sepelire
850 756 875 776 ⁴¹
890 762 972 793 erat
992 762 1112 793 aute-

674 822 714 857 in
734 821 817 859 loco
837 822 904 858 ubi
923 821 1129 860 crucifixus

1308 290 1331 308 95
1408 290 1433 309 59

1253 327 1480 392 secvta

2180 318 2260 373 163

1939 435 2032 467 XIX.
2045 434 2193 476 40-XX.
2212 443 2263 467 11.

1562 566 1691 598 autem
1713 560 1784 610 ipsi
1805 559 1882 598 duo
1904 559 2023 597 simul
2037 564 2073 597 et

1559 625 1620 663 ille
1641 625 1736 663 alius
1757 625 1964 675 discipulus
1984 637 2071 674 prae

1558 691 1675 729 currit
1695 691 1806 729 citius
1826 697 1936 741 petro
1956 695 1996 729 et

1558 757 1663 795 uenit
1683 757 1829 807 primus
1850 756 1899 794 ad
1919 768 2041 795 monu

1558 831 1733 860 mentum
1753 822 1767 843 ⁶
1780 829 1817 861 et
1838 835 1927 861 curn
1948 834 1987 860 se
2009 822 2048 859 in

673 889 728 922 est
743 885 876 924 hortus
897 893 935 924 et
955 887 995 924 in
1015 886 1127 925 horto

674 953 962 989 menumentum
982 959 1121 990 nouu-

673 1017 713 1053 z'n
732 1028 808 1065 quo
828 1017 1005 1055 nondum
1024 1018 1174 1067 positus

672 1086 726 1118 est
743 1082 948 1132 quisquam
968 1082 996 1103 ⁴²
1010 1083 1061 1121 ibi
1080 1096 1174 1133 ergo

662 1154 818 1199 propter
836 1161 1073 1199 parasceuen

671 1216 760 1264 quia
781 1217 889 1252 iuxta
907 1221 987 1252 erat
1007 1227 1128 1253 monu

672 1286 837 1319 mentum
856 1287 1069 1331 posuerunt
1089 1281 1142 1318 iffi
1156 1279 1203 1332 (?)

508 1346 622 1384 XX.¹
643 1345 728 1384 Una
747 1353 878 1384 autem
899 1347 1047 1385 sabbati
1067 1359 1133 1384 ma

670 1414 735 1451 ria
754 1412 981 1462 magdalene
1001 1413 1106 1451 uenit

669 1491 776 1516 mane
795 1491 886 1516 cum
905 1478 1031 1516 adhuc
1047 1478 1203 1516 tenebre

671 1551 787 1582 essent
806 1544 857 1582 ad
876 1555 1090 1582 monumen

1558 888 1739 926 clinasset
1757 895 1794 927 et
1814 889 2016 939 prospexit

1558 953 1652 992 uidit
1671 954 1799 1004 posita
1819 946 2018 992 liniamina

1558 1031 1640 1058 non
1660 1026 1790 1058 tamen
1810 1020 1980 1058 introiuit

1497 1086 1509 1105 ⁶
1521 1084 1641 1124 Uenit
1661 1093 1789 1124 autem
1810 1086 1937 1125 simon
1956 1091 2045 1136 petr

1558 1163 1603 1188 us
1623 1163 1788 1202 sequens
1807 1158 1845 1189 et
1865 1151 1980 1190 introi

1558 1217 1612 1254 uit
1632 1217 1672 1255 in
1691 1224 1988 1255 monumentum

1558 1286 1597 1318 et
1615 1280 1711 1318 uidit
1730 1280 1944 1318 lintiamina
1953 1287 2005 1329 po

1559 1346 1631 1384 sita
1651 1346 1665 1367 ⁷
1677 1353 1714 1384 et
1735 1346 1931 1384 sudarium
1951 1345 2053 1395 quod

1557 1417 1639 1449 erat
1659 1423 1773 1462 super
1793 1411 1920 1461 capud
1940 1411 2021 1448 eius

1557 1489 1638 1515 non
1659 1489 1748 1515 cum
1768 1477 2043 1514 lintiaminibus

1558 1543 1765 1592 separatim
1785 1550 1866 1581 erat
1886 1543 2019 1580 inuolu

670 1614 747 1647 tum
767 1615 802 1647 et
817 1607 924 1648 uidet
942 1609 1111 1660 lapidem
1557 1615 1639 1646 tum
1660 1609 1699 1646 in
1717 1621 1838 1646 unum
1859 1609 1988 1646 locum

645 1675 852 1713 ?rem0tum
872 1687 894 1712 a
915 1682 1134 1714 monume‘
1494 1673 1507 1694 ⁸
1519 1673 1635 1712 Tunc
1655 1675 1824 1713 introiuit
1842 1681 1879 1712 et
1903 1674 1964 1712 ille
1983 1674 2042 1711 dis

668 1745 703 1778 to
769 1772 775 1778 .
1557 1740 1707 1790 cipulus
1727 1741 1793 1790 qui
1813 1745 1970 1778 uenerat

607 1802 621 1822 ²
637 1804 814 1845 Cucurrit
833 1812 869 1844 et
889 1806 995 1844 uenit
1015 1805 1064 1844 ad
1081 1806 1112 1843 si
1556 1805 1661 1854 prius
1681 1804 1730 1843 ad
1750 1809 2045 1843 monumentum

670 1884 807 1909 monem
828 1878 979 1922 petrum
999 1878 1036 1909 et
1056 1871 1105 1910 ad
1125 1871 1174 1910 ali
1556 1877 1593 1909 et
1612 1871 1708 1909 uidit
1727 1877 1764 1909 et
1784 1871 1943 1909 credidit
1963 1870 1976 1891 ⁹
1991 1881 2063 1907 non

669 1950 730 1974 um
753 1937 980 1987 discipulum
1000 1949 1116 1986 quem
1557 1937 1651 1975 dum
1670 1937 1775 1974 enim
1795 1937 2012 1987 scriptura-

670 2003 821 2041 amabat
841 2003 900 2040 ihs
920 2008 958 2040 et
978 2003 1071 2041 dicit
1089 2003 1144 2041 eis
1556 2002 1647 2052 quia
1666 2008 1818 2053 oportet
1837 2014 1926 2039 eum
1945 2013 1968 2039 a
1987 2012 2072 2038 mor

670 2069 838 2106 tulerunt
858 2068 953 2106 dfim
973 2068 1021 2106 de
1041 2080 1108 2107 mo
1555 2068 1630 2106 tuis
1649 2080 1844 2117 resurgere
1861 2088 1870 2097 ·
1950 2113 1952 2116 .

668 2140 884 2172 numentum
903 2139 941 2172 et
961 2134 1155 2172 nescimus
1476 2131 1504 2152 ²⁰
1517 2130 1704 2169 Abierunt
1723 2143 1818 2180 ergo
1838 2130 1974 2167 iterum

669 2199 738 2237 ubi
743 2205 954 2250 posuerunt
972 2211 1062 2237 eum
1554 2208 1577 2234 a
1598 2196 1827 2246 semetipsos
1847 2194 2033 2244 discipuli

641 2264 654 2284 ⁸
668 2266 768 2303 exiit
783 2276 879 2315 ergo
899 2270 1030 2314 petrus
1050 2270 1087 2302 et
1108 2264 1133 2302 il
1513 2262 1540 2282 ¹¹
1555 2262 1677 2300 maria
1696 2269 1824 2299 autem
1844 2261 1968 2298 stabat

1553 2327 1604 2366 ad
1623 2333 1923 2365 monumentum
1941 2324 2007 2375 plo

1552 2405 1642 2431 rans
1664 2393 1756 2431 dum
1775 2404 1870 2442 ergo
1891 2391 2070 2441 plorabat

1553 2458 1752 2497 inclinauit
1773 2471 1812 2496 se
1833 2464 1870 2496 et
1890 2456 2093 2507 prospexit

871 2490 878 2498 .
909 2461 923 2480 ⁴
935 2461 1136 2499 currebant

500 2546 579 2588 Cap.
595 2556 638 2578 xx
675 2555 689 2577 1
705 2547 790 2578 uidit
806 2557 850 2578 m.
869 2556 883 2578 1
898 2557 907 2585 ;
931 2547 1022 2578 uidet
1037 2557 1119 2579 corr.
1138 2547 1200 2589 qui
1213 2551 1244 2579 et
1259 2551 1272 2578 t
1286 2551 1389 2588 supra
1404 2547 1528 2579 lineam
1545 2545 1684 2579 addidit.

498 2601 543 2631 In
561 2600 671 2632 eadem
686 2601 839 2632 columna
856 2601 962 2634 lineae
977 2601 1117 2634 ultimae
1133 2606 1275 2643 prorsus
1290 2605 1514 2641 euanuerunt,
1530 2605 1561 2632 et
1576 2600 1630 2632 hic
1646 2600 1716 2632 illic
1731 2610 1752 2631 a
1769 2610 1873 2631 manu
1889 2596 2066 2631 recentiori
2077 2600 2253 2639 perperam

453 2653 695 2696 redintegratae
709 2655 876 2687 videntur.

1787 2891 1865 2924 ΥΞ
