2872 3268
568 274 667 318 xlvi
1232 271 1311 312 IN
1312 271 1389 311 ΤΚ
1395 270 1724 315 ODUCTION.

573 389 735 429 Selecled
747 390 926 441 readings
943 390 1023 428 and
1033 389 1252 440 renderings
1265 389 1307 427 in
1317 387 1442 427 which
1508 385 1672 427 selected
1683 386 1863 438 readings
1880 386 2190 443 and-renderings
2201 387 2243 426 in
2252 387 2378 429 which
2441 399 2465 411 ἱ

736 455 756 494 f
768 467 796 507 q
813 456 926 508 dffr
926 455 1040 508 from
1058 455 1145 494 each
1164 455 1277 494 other.
1672 452 1693 492 f
1705 465 1733 504 q
1744 466 1810 493 are
1822 453 1961 504 agreed
1973 454 2130 504 against
2136 453 2238 493 other
2248 452 2378 493 Euro-

705 518 708 521 ’
1667 525 1765 570 pean
1783 522 1894 558 texts.

573 597 688 638 Mark
707 597 730 636 i.

605 677 667 715 39.
695 664 866 714 itemque
889 662 1073 703 demonia
1102 661 1300 715 expellens
1322 663 1344 702 b
1371 675 1406 714 q,
1425 674 1444 700 e

842 726 926 781 (et).

787 801 825 835 et
840 795 1048 835 daemonia
1065 795 1210 836 eiciens
1227 809 1253 835 a
1271 795 1301 834 d
1299 795 1345 848 f
1351 794 1441 834 Am.

600 871 664 912 45.
692 860 896 900 manifeste
915 861 945 899 d
957 873 975 899 e
992 873 1016 912 q
1034 861 1127 902 Am.

787 926 918 977 palam
937 939 962 965 a
981 927 1003 966 b
1004 927 1052 980 f

570 992 607 1031 ii.
633 1004 664 1030 1.
696 992 802 1032 uenit
821 991 854 1040 b,
875 990 1016 1045 (benit)
1034 1006 1052 1032 e
1070 1006 1104 1045 q.

786 1058 983 1098 introisset
1001 1072 1037 1098 a.

787 1124 946 1164 intrauit
964 1126 994 1164 d
997 1125 1044 1176 s
1050 1125 1138 1166 Am.

627 1203 660 1229 2.
690 1189 740 1230 ad
757 1202 826 1231 eos
844 1191 867 1230 b
884 1204 918 1242 q.

787 1256 839 1297 ad
857 1257 943 1297 illos
961 1257 997 1296 d.

787 1323 843 1363 eis
845 1324 892 1376 s
897 1323 986 1363 Am.

785 1389 859 1429 illis
878 1403 903 1428 a
921 1402 949 1428 e.

625 1467 663 1504 4.
691 1455 874 1495 accedere
893 1470 918 1494 a
937 1456 959 1495 b
977 1456 1007 1494 d
1019 1468 1038 1494 e
1055 1469 1090 1507 q.

787 1521 978 1573 offerres
986 1521 1075 1561 Am.

691 1600 759 1626 om.
779 1594 817 1627 et
836 1588 1112 1639 patefacientes
1133 1601 1159 1627 a
1177 1588 1198 1628 b
1217 1589 1247 1627 d
1259 1602 1278 1627 e
1295 1602 1328 1641 q.

740 1661 777 1698 -Ι-
787 1660 826 1693 et
842 1653 1116 1705 patefacientes
1118 1654 1165 1707 s
1171 1654 1261 1694 Am.

690 1719 939 1760 dimisserunt
955 1733 980 1759 a
999 1720 1029 1759 d
1041 1733 1075 1771 q.

785 1783 1062 1826 summiserunt
1080 1786 1102 1826 b
1121 1785 1282 1837 efAm.

624 1861 659 1901 5.
689 1851 850 1891 remissa
869 1858 958 1892 sunt
977 1853 998 1892 b
1016 1865 1050 1904 q.

783 1918 941 1958 dimissa
960 1924 1048 1958 sunt
1050 1918 1098 1970 fl

783 1984 1026 2024 dimittuntur
1044 1986 1073 2024 d
1085 1985 1176 2025 Am.
1192 1984 1311 2037 (rem-
1329 1999 1355 2025 a
1372 1985 1418 2039 e).

623 2051 660 2088 8.
687 2061 766 2101 quo
795 2051 954 2102 cognito
982 2051 1042 2090 ihs
1068 2051 1109 2090 in
1138 2055 1211 2103 spu
1232 2052 1254 2092 b
1279 2052 1309 2091 d
1327 2065 1352 2103 q
1379 2051 1447 2104 (ff

841 2116 929 2156 Am.
949 2129 1029 2168 quo
1049 2118 1179 2157 statim
1197 2117 1358 2170 cognito
1377 2118 1438 2158 ihs

838 2183 974 2234 spiritu
994 2180 1095 2236 suo).

784 2249 892 2302 quod
924 2250 1055 2288 statim
1092 2261 1339 2300 cognoscens
1374 2249 1435 2290 ihs

838 2312 975 2364 spiritu
996 2323 1067 2352 suo
1079 2313 1126 2365 f

784 2384 823 2417 et
873 2378 1061 2418 continuo
1110 2389 1329 2429 agnoscens
1374 2378 1435 2418 ihs

837 2444 972 2496 spiritu
989 2458 1015 2483 e.

784 2516 823 2549 et
869 2522 961 2549 cum
1007 2509 1256 2562 cognouisset
1291 2509 1352 2549 ihs
1393 2510 1434 2549 in

836 2576 971 2627 spiritu
989 2589 1024 2615 a.

688 2640 779 2691 quid
799 2642 1015 2692 cogitarent
1033 2642 1055 2682 b
1073 2654 1091 2680 e
1108 2655 1141 2692 q.

783 2707 890 2757 quod
909 2719 995 2758 cog.
1015 2721 1050 2756 a,
1072 2707 1179 2760 quod
1197 2707 1250 2747 ita
1267 2719 1355 2759 cog.
1357 2708 1405 2759 f

784 2772 891 2822 quod
916 2772 970 2812 sic
994 2785 1081 2824 cog.
1100 2773 1136 2821 d,
1155 2773 1247 2825 quia
1265 2773 1320 2814 sic
1343 2786 1431 2825 cog.

836 2837 924 2876 Am.
