2872 3268
544 222 626 263 124

338 322 420 355 Pol.
436 323 516 357 ²⁷8·
535 329 548 350 ⁹
560 329 610 367 Et
631 329 771 368 descen

535 393 713 431 dentibus
734 393 806 431 illis

534 456 584 494 de
605 462 737 494 monte
793 467 862 506 pre

533 519 636 569 cepit
656 519 727 557 illis
748 531 797 556 ne
817 517 878 556 cui

531 594 631 632 quae
651 581 835 619 uidissent

531 650 727 682 narrarent
741 664 749 673 ·
791 643 864 680 nisi

531 719 620 745 curn
641 706 738 744 filius
757 705 865 743 homi

530 771 590 808 nis
610 781 634 807 a
652 768 813 806 mortuis
833 779 873 805 re

527 831 752 870 surrexisset
767 851 776 860 ·

525 893 553 914 ¹⁰
566 894 615 931 Et
635 894 797 931 uerbum
817 891 921 929 conti

525 962 689 995 nuerunt
710 955 812 1005 apud
833 966 874 993 se
889 975 897 984 ·

527 1019 799 1069 conquirentes

528 1081 621 1131 quid
641 1086 742 1119 esset
761 1093 784 1119 a
808 1092 895 1118 mor

527 1145 601 1182 tuis
621 1156 821 1193 resurgere

528 1207 555 1228 ¹¹
567 1206 617 1244 Et
636 1207 878 1256 interrogaue

526 1276 616 1308 runt
635 1281 726 1308 eum
746 1269 859 1308 dicen

526 1339 586 1371 tes
602 1350 610 1358 ·
660 1344 778 1383 quare
795 1332 927 1371 dicunt

526 1395 674 1434 scribae
733 1395 875 1433 heliam

525 1463 679 1508 oportet
698 1458 825 1508 primi-1

525 1521 658 1559 uenire
673 1541 682 1550 ·
723 1520 752 1542 ¹²
763 1520 814 1558 Et
833 1533 873 1558 re

524 1583 721 1634 spondens
741 1583 836 1621 dixit
855 1583 927 1621 illis

525 1670 662 1710 Helias
682 1671 845 1710 ueniens

523 1734 652 1784 primo
671 1735 803 1772 restitu

524 1802 563 1834 et
581 1797 714 1835 omnia
727 1818 736 1827 ·
752 1817 760 1826 ·
776 1817 784 1826 ·
815 1802 853 1835 et
873 1788 953 1847 quo

525 1857 635 1897 mod⁰
655 1859 842 1909 scriptum
861 1866 920 1898 est

524 1933 640 1972 super
660 1922 780 1960 filium
801 1922 852 1960 ho

524 1985 640 2023 minis
659 1991 701 2023 ut
720 1984 842 2023 multa

523 2047 689 2098 patiatur
743 2053 782 2086 et
802 2060 879 2086 con

523 2116 716 2148 temnatur
731 2131 740 2140 ·
784 2109 813 2130 ¹³
828 2110 906 2148 Sed

523 2172 612 2211 dico
631 2172 744 2211 uobis
761 2193 769 2202 ·
810 2173 900 2223 quia

522 2242 561 2274 et
579 2235 701 2273 helias
721 2235 828 2273 uenit
845 2256 854 2265 ·

521 2302 560 2335 et
579 2296 754 2336 fecerunt
773 2297 825 2335 illi

523 2366 670 2409 quanta
690 2359 896 2398 uoluerunt
910 2381 918 2390 ·

525 2423 625 2460 sieut
645 2423 830 2473 scriptum

524 2491 581 2523 est
600 2485 647 2523 de
668 2485 732 2523 illo
747 2506 755 2515 ·
772 2506 780 2515 ·

523 2546 552 2568 ¹⁴
565 2547 615 2585 Et
635 2560 725 2586 cum
744 2548 915 2586 uenisset

525 2621 549 2647 a
564 2610 773 2660 discipulos
788 2611 828 2648 ui

526 2672 580 2709 dit
599 2674 752 2711 turbam
771 2686 865 2723 mag

525 2746 618 2771 nam
638 2747 728 2772 cum
747 2736 819 2774 illis
836 2756 844 2765 ·

527 2802 565 2833 et
585 2797 729 2834 scribas
749 2809 825 2835 con

525 2858 719 2907 quirentes
739 2871 830 2896 cum
849 2861 904 2899 eis
918 2882 926 2890 ·

1447 210 1608 251 SECa·

1039 329 1242 367 multitudo
1262 328 1348 366 uiso

1038 395 1101 432 illo
1121 393 1277 443 expauit
1293 413 1301 422 -
1347 398 1386 430 et

1037 456 1280 494 adcurrentes
1301 454 1385 492 salu

1035 525 1215 556 tauerunt
1234 530 1324 556 eum
1339 539 1367 546 -

1034 580 1062 602 ¹⁶
1074 580 1124 618 Et
1143 581 1394 631 interrogauit

1032 655 1101 682 eos
1147 643 1241 693 quid
1255 643 1354 681 inter

1030 718 1102 744 uos
1123 706 1350 756 conquiritis
1363 726 1373 736 ·

1031 768 1061 790 ¹⁷
1072 769 1123 806 Et
1142 768 1340 819 respondit
1359 769 1435 807 eiu

1031 844 1104 870 nus
1125 832 1172 870 de
1193 833 1306 870 turba
1326 852 1335 862 ·

1030 894 1218 946 Magister
1232 894 1338 933 attuli

1030 957 1151 996 filium
1170 969 1302 996 meum
1323 956 1374 995 ad

1030 1026 1066 1059 te
1086 1020 1297 1058 habentem
1317 1023 1407 1069 spm

1031 1083 1268 1121 inmundum
1282 1103 1291 1112 ·
1335 1081 1364 1103 ¹⁸
1377 1083 1445 1133 qui

1032 1146 1294 1195 ubicumquae
1314 1157 1406 1183 eum

1031 1207 1331 1258 adprehenderit

1031 1270 1165 1309 adlidit
1183 1282 1272 1309 eum
1292 1276 1330 1308 et
1350 1282 1423 1320 spu

1031 1340 1084 1372 tat
1100 1354 1109 1363 ·
1150 1333 1202 1371 Et
1221 1332 1351 1372 stridet

1031 1396 1209 1435 dentibus
1229 1402 1267 1434 et
1286 1407 1369 1434 ares

1031 1459 1083 1498 cit
1099 1480 1107 1489 ·
1152 1459 1203 1497 Et
1223 1458 1302 1497 dixi
1322 1458 1417 1497 disci

1030 1522 1132 1572 pulis
1153 1522 1229 1560 tuis
1244 1528 1286 1559 ut
1307 1521 1389 1560 eice

1030 1591 1115 1623 rent
1133 1584 1241 1623 illurn
1297 1589 1335 1622 et
1354 1596 1436 1622 non

1030 1678 1241 1723 potuerunt

1030 1735 1058 1756 ¹⁹
1077 1735 1128 1773 Et
1145 1734 1388 1786 respondens

1029 1798 1125 1836 dixit
1145 1798 1196 1836 illi
1213 1818 1221 1828 ·
1265 1810 1290 1837 ο
1310 1810 1410 1847 gene

1027 1861 1126 1900 ratio
1146 1860 1347 1899 incredula

1026 1923 1215 1974 quamdiu
1235 1922 1341 1973 apud
1359 1934 1433 1961 uos

1027 1998 1095 2024 ero
1151 1985 1340 2036 quamdiu
1361 1998 1412 2037 pa

1028 2049 1100 2087 tiar
1118 2061 1215 2087 uos·
1255 2047 1415 2086 Adferte

1028 2111 1136 2149 illum
1150 2111 1200 2149 ad
1215 2123 1277 2149 me
1296 2132 1304 2140 ·
1334 2109 1407 2149 ²⁰et
1420 2110 1470 2149 ad

1027 2173 1194 2212 tulerunt
1239 2173 1291 2211 Et
1310 2181 1391 2212 cu-

1028 2235 1189 2274 uidisset
1207 2248 1298 2274 eum
1318 2239 1384 2285 sps

1029 2298 1088 2336 ille
1145 2298 1389 2337 conturbauit

1029 2373 1192 2411 puerum
1238 2367 1276 2398 et
1295 2359 1371 2398 heli

1030 2435 1095 2461 sus
1119 2424 1160 2461 in
1178 2429 1319 2461 terram
1339 2434 1392 2462 uo

1029 2486 1220 2524 lutabatur
1241 2492 1424 2536 spumans

1028 2548 1056 2571 2¹
1070 2548 1121 2586 Et
1139 2548 1390 2599 interrogauit
1409 2560 1461 2599 pa

1028 2618 1125 2649 trem
1144 2611 1227 2650 eius
1284 2623 1389 2662 quan

1027 2680 1111 2712 tum
1131 2674 1316 2725 temporis
1336 2672 1394 2712 est

1026 2749 1075 2774 ex
1095 2749 1176 2787 quo
1196 2736 1342 2775 facturn
1361 2743 1420 2775 est

1026 2799 1061 2837 ei
1079 2820 1087 2829 ·
1132 2806 1171 2837 at
1190 2799 1251 2839 ille
1270 2812 1413 2850 respon

1028 2861 1082 2899 dit
1101 2862 1151 2900 ab
1171 2862 1331 2900 infantia
1346 2883 1354 2892 ·

525 2919 555 2940 ¹⁵
566 2919 617 2957 Et
638 2920 843 2959 confestim
865 2922 993 2961 omnis
1027 2921 1056 2943 ²²
1068 2924 1117 2961 Et
1138 2923 1353 2974 frequenter
1371 2924 1435 2963 illu

1577 327 1617 365 in
1637 327 1769 378 ignem
1810 332 1848 365 et
1869 327 1908 364 in
1929 339 1953 366 a

1577 402 1696 440 quarn
1716 389 1892 428 mittebat

1576 458 1619 490 ut
1639 464 1732 490 eum
1753 452 1934 502 perderet

1576 514 1654 553 Sed
1674 515 1705 553 si
1725 515 1819 565 quid
1839 521 1952 565 potes

1573 577 1718 616 adiuua
1738 589 1812 616 nos
1833 577 1908 616 dfie

1572 647 1609 679 et
1629 641 1802 679 miserere
1819 640 1934 679 nobis
1951 661 1960 670 ·

1570 703 1599 724 ²⁸
1612 704 1678 742 Ihs
1697 709 1828 742 autem
1847 703 1943 741 dixit
1962 703 1987 741 il

1570 767 1595 805 li
1609 786 1618 796 ·
1662 767 1694 805 si
1714 772 1827 817 potes
1847 766 1962 805 crede

1570 842 1610 868 re
1630 829 1763 868 omnia
1781 829 1889 879 possi

1569 892 1661 931 bilia
1679 891 1849 930 credenti
1865 912 1874 922 ·

1568 953 1598 976 ²⁴
1609 955 1660 993 Et
1679 955 1867 994 continuo
1886 954 1998 995 excla

1570 1030 1683 1057 mans
1703 1025 1812 1068 pater
1832 1022 1879 1056 cu

1570 1081 1738 1119 lacrimis
1759 1087 1797 1119 et
1817 1080 1912 1119 dixit

1570 1142 1659 1181 Dfie
1678 1142 1796 1182 credo
1815 1143 1958 1181 adiuua

1569 1218 1699 1244 meam
1718 1205 1905 1244 increduli

1570 1274 1687 1306 tatem
1702 1288 1710 1297 ·
1740 1268 1770 1290 ²⁵
1783 1268 1836 1306 Et
1855 1280 1947 1307 cum

1568 1331 1717 1369 uideret
1735 1331 1795 1369 ihs
1814 1331 1920 1381 quod

1569 1400 1773 1432 concurret
1792 1399 1854 1431 tur

1568 1458 1620 1495 ba
1633 1476 1641 1486 -
1686 1456 1958 1495 Comminatus

1568 1526 1628 1558 est
1648 1519 1796 1570 spiritui
1814 1519 1854 1557 in

1567 1581 1719 1620 mundo
1743 1581 1898 1621 dicens·

1569 1669 1683 1708 surde
1702 1675 1741 1708 et
1755 1676 1885 1709 mutae

1569 1733 1723 1783 spiritae
1737 1753 1746 1762 ·
1787 1744 1862 1783 ego
1882 1732 1950 1770 tibi

1567 1795 1740 1846 precipio
1761 1795 1822 1834 exi
1842 1796 1892 1833 ab
1911 1795 1937 1833 il

1567 1858 1606 1897 lo
1662 1863 1700 1896 et
1719 1870 1936 1908 numquam

1567 1921 1734 1960 introeas
1755 1921 1794 1958 in
1814 1933 1905 1959 eum

1567 1982 1595 2005 ²⁶
1607 1983 1658 2022 Et
1678 1983 1850 2022 clamans
1868 1989 1906 2021 et
1925 1982 2007 2021 mul

1566 2052 1650 2084 tum
1670 2046 1777 2084 illum
1796 2045 1924 2084 lamen

1566 2115 1653 2148 tans
1672 2109 1764 2147 exiit
1779 2129 1788 2138 ·
1832 2114 1870 2147 et
1888 2108 1949 2147 fac

1566 2178 1628 2210 tus
1648 2178 1706 2210 est
1725 2171 1824 2210 sicut
1842 2182 1930 2209 mor

1565 2240 1656 2272 tuus
1669 2255 1678 2264 ·
1735 2234 1788 2272 ita
1807 2241 1849 2271 ut
1868 2233 1949 2271 mul

1564 2297 1592 2335 ti
1612 2297 1782 2335 dicerent
1801 2295 1908 2346 quod

1565 2350 1741 2398 mortuus
1760 2364 1861 2397 esset

1564 2421 1594 2444 ²⁷
1609 2422 1676 2460 Ihs
1695 2427 1824 2460 autem
1845 2427 1980 2459 tenens

1565 2497 1726 2523 manum
1746 2484 1828 2522 eius
1848 2489 1886 2521 et

1564 2547 1706 2586 leuauit
1722 2558 1812 2585 eum
1831 2551 1869 2583 et
1888 2557 1953 2583 sur

1564 2610 1661 2649 rexit
1678 2630 1686 2639 ·
1728 2607 1756 2630 ²⁸
1769 2615 1805 2647 et
1825 2620 1917 2647 cum
1936 2609 1977 2646 in

1563 2674 1714 2712 troisset
1732 2672 1771 2709 in
1791 2671 1913 2710 domi-1

1563 2734 1754 2785 Discipuli
1776 2734 1858 2772 eius
1880 2745 1985 2772 secre

1562 2804 1602 2836 to
1623 2796 1913 2847 interrogabant

1562 2861 1671 2899 illum
1727 2871 1846 2910 quare
1866 2870 1939 2897 nos

1563 2936 1643 2963 non
1662 2923 1860 2974 potuimus
1878 2921 1970 2960 illud

2342 216 2420 259 [IX.
2436 219 2547 263 9-36-

2080 326 2204 366 eicere
2219 347 2228 357 ·
2271 325 2300 348 ²⁹
2313 333 2350 366 et
2369 327 2464 366 dixit
2564 328 2647 359 Fol-
2665 329 2747 362 179-

2079 389 2152 427 illis
2166 410 2174 420 ·
2218 389 2293 429 hoc
2313 402 2437 441 genus

2079 451 2118 490 in
2138 451 2246 490 nullo
2265 453 2341 491 alio
2361 465 2415 503 po

2078 520 2151 552 test
2172 515 2276 553 exire
2297 515 2371 553 nisi
2391 515 2431 553 in

2078 577 2319 616 orationibus
2338 584 2376 616 et
2396 578 2430 616 ie

2133 657 2187 674 ω
2206 640 2320 678 iuniis
2341 657 2393 674 m

2044 701 2065 726 *
2078 700 2108 723 ³⁰
2118 702 2169 740 Et
2187 702 2277 741 inde
2297 702 2460 753 profecti

2042 762 2061 784 '³‘
2077 765 2316 804 transiebant

2041 825 2115 865 *in
2134 828 2315 878 galileam
2331 849 2340 858 ·
2383 828 2435 867 Et
2455 841 2504 867 ne

2042 889 2061 911 *
2076 902 2143 929 mo
2161 891 2318 930 uolebat
2336 894 2411 941 que

2040 951 2060 973 *
2074 966 2194 1005 quam
2214 955 2327 992 scrire
2341 975 2350 984 ·
2363 976 2420 983 —

2071 1015 2100 1038 ³¹
2111 1016 2291 1055 Docebat
2306 1023 2436 1056 autem
2457 1017 2517 1056 dis

2072 1079 2225 1130 cipulos
2245 1091 2337 1118 suos
2357 1086 2395 1118 et

2072 1141 2230 1180 dicebat
2248 1141 2319 1180 illis
2336 1163 2345 1172 ·
2394 1143 2488 1192 quia

2072 1204 2172 1242 filius
2191 1204 2361 1243 hominis

2073 1267 2244 1305 tradetur
2263 1266 2303 1304 in
2322 1279 2463 1306 manus

2071 1329 2277 1367 hominum
2292 1349 2300 1359 ·
2344 1335 2382 1367 et
2401 1329 2487 1369 occi

2072 1391 2165 1430 dent
2184 1403 2275 1429 eum
2291 1412 2300 1421 ·
2342 1397 2380 1430 et
2399 1404 2447 1431 oc

2072 1454 2194 1493 cissus
2213 1459 2302 1505 post
2321 1455 2434 1493 tertit‘l

2072 1516 2176 1555 diem
2194 1523 2366 1567 resurget

2072 1577 2101 1600 ⁸²
2112 1579 2165 1618 At
2185 1579 2237 1617 illi
2257 1579 2487 1629 ignorabant

2071 1667 2234 1705 uerbum
2253 1672 2292 1705 et
2311 1666 2500 1706 timebant

2072 1741 2164 1767 eum
2185 1729 2418 1779 interrogare

2071 1792 2100 1813 ³³
2112 1792 2164 1830 Et
2182 1792 2290 1830 uenit
2308 1796 2502 1842 capernafl
2516 1814 2525 1823 ·

2072 1861 2110 1893 et
2129 1866 2221 1893 cum
2241 1854 2348 1893 domi
2367 1861 2468 1894 esset

2071 1917 2333 1967 interrogabat
2351 1929 2420 1956 eos

2071 1980 2166 2030 quid
2186 1980 2226 2018 in
2244 1980 2309 2018 uia
2328 1980 2459 2031 discep

2069 2049 2215 2081 tassent
2227 2063 2236 2072 ·
2280 2042 2309 2063 ³⁴
2321 2049 2359 2081 at
2378 2043 2430 2080 illi
2449 2050 2540 2082 tacu

2069 2111 2182 2144 erunt
2198 2125 2207 2135 ·
2252 2105 2357 2144 Inter
2375 2117 2417 2144 se

2069 2168 2174 2206 enim
2194 2166 2466 2218 disquerebant

2069 2230 2156 2280 quis
2175 2237 2257 2268 eset
2275 2230 2428 2268 illorum

2069 2295 2195 2331 maior
2211 2313 2220 2323 ·
2238 2313 2247 2323 ·
2265 2314 2274 2323 ·
2294 2293 2382 2331 ³⁶Et
2398 2293 2537 2334 sedens

2070 2355 2227 2395 uocauit
2250 2355 2417 2395 duodeci

2070 2418 2281 2469 discipulos
2300 2425 2338 2457 et
2357 2419 2408 2457 ait
2428 2419 2453 2457 il

2068 2480 2113 2519 lis
2127 2502 2136 2511 ·
2151 2502 2160 2512 ·
2192 2481 2232 2520 Si
2251 2481 2338 2532 quis
2357 2482 2439 2520 uult

2067 2544 2215 2594 primus
2234 2555 2318 2582 esse
2332 2564 2341 2574 ·
2382 2545 2450 2583 fiat

2067 2607 2243 2645 omnium
2263 2607 2412 2646 nouissi

2066 2681 2153 2707 mus
2172 2676 2210 2708 et
2229 2670 2407 2708 omnium

2065 2732 2239 2770 minister
2254 2753 2263 2762 ·
2293 2731 2323 2753 ³⁶
2333 2732 2385 2770 Et
2404 2732 2488 2772 acci

2063 2794 2174 2845 piens
2194 2807 2359 2845 puerum

2067 2857 2205 2896 Statuit
2220 2870 2311 2896 eum
2330 2858 2370 2895 in
2389 2857 2520 2896 medio

2064 2932 2200 2959 eorum
2218 2942 2226 2951 ·
2268 2933 2386 2971 quem
2406 2923 2454 2959 cii

2867 2933 2872 2941 .
2864 2884 2872 2916 .-
2860 2759 2872 2870 nfivm
2868 2740 2872 2746 .
2865 2690 2872 2724 „2-
2855 2598 2872 2660 ......’.
2868 2562 2872 2570 ,
2863 2502 2870 2510 ae
2864 2474 2872 2483 ι
