2872 3268
544 199 600 241 68

332 323 415 356 1'01.
436 324 521 357 244.
543 327 582 360 et
600 320 640 358 in
659 320 804 371 templo
823 320 890 359 ubi

543 395 697 434 semper
715 384 840 423 iudaei
860 396 937 423 con

542 447 705 485 ueniunt
719 467 728 476 ·
757 455 795 485 et
815 447 854 484 in
873 447 923 484 ab

542 509 725 548 scondito
744 509 896 548 locutus

544 583 631 611 sum
650 571 767 610 nihil·
798 572 825 593 ²¹
839 570 932 622 quid
964 580 971 588 ⁴

543 646 606 673 me
626 635 837 684 interrogas
858 654 867 663 ·

543 759 746 797 audierunt
766 758 860 809 quid

541 883 645 922 Ecce
665 884 726 921 isti
745 883 870 922 sciunt
889 896 965 934 que

541 946 703 984 dixerim
722 958 797 996 ego
814 966 823 977 ·
853 945 882 968 ²²
895 946 1007 986 Haec

539 1015 669 1047 autem
689 1021 779 1047 cum
800 1009 899 1047 dixis

541 1076 598 1109 set
612 1091 620 1100 ·
650 1070 765 1109 Unus
786 1071 833 1110 de
853 1071 907 1109 mi

540 1133 668 1171 nistris
688 1134 846 1173 adstans

540 1196 646 1235 dedit
664 1197 834 1247 palmam
853 1197 895 1235 in

540 1258 639 1297 facie
659 1259 718 1297 ihs
738 1260 870 1298 dicens

541 1321 604 1361 Sic
625 1322 840 1372 respondes
866 1321 953 1374 prin

540 1385 617 1435 cipi
637 1386 883 1425 sacerdotum
899 1407 908 1417 ·

538 1447 569 1470 '⁸
582 1447 804 1499 Respondit
822 1449 875 1487 illi
893 1449 952 1488 ihs
966 1470 975 1481 ·

540 1510 574 1548 si
593 1511 694 1550 male
712 1511 865 1550 locutus
885 1516 932 1551 εὖ

539 1598 804 1638 testimonium
823 1613 891 1651 per

543 1660 635 1700 hibe
656 1662 703 1700 de
723 1663 828 1701 malo
845 1684 854 1693 ·
886 1663 927 1702 Si
943 1675 993 1702 au

540 1729 620 1762 tem
639 1725 738 1763 bene
758 1726 852 1776 quid
870 1738 933 1764 me

543 1787 650 1826 cedis
667 1808 676 1818 ·
705 1788 735 1810 ²⁴
751 1787 859 1827 Misit
877 1789 943 1828 illi‘i

542 1862 667 1888 annas
681 1851 858 1890 uinctum
877 1852 928 1891 ad

542 1913 694 1951 caiafan
709 1915 927 1966 principem

540 1976 788 2015 sacerdotum
803 1998 812 2007 ·

540 2038 671 2077 25Ε131
682 2046 811 2078 autem
827 2040 952 2080 simon
961 2054 1010 2092 pe

540 2107 622 2139 trus
641 2108 747 2141 stans
766 2110 804 2142 et
823 2104 946 2143 calefa

541 2164 647 2202 ciens
666 2177 707 2203 se
723 2185 732 2195 ·
763 2166 942 2205 dixerunt

540 2238 636 2277 ergo
655 2227 732 2265 illi·
762 2229 954 2280 numquid

540 2296 579 2328 et
597 2296 639 2328 tu
660 2290 707 2329 de
728 2291 924 2342 discipulis

540 2352 623 2390 eius
642 2365 685 2392 es
702 2373 710 2384 ·
741 2355 898 2404 negauit
916 2354 977 2393 1110

540 2422 579 2452 et
593 2415 687 2453 dixit
699 2428 781 2454 non
794 2428 881 2455 sum
897 2438 905 2447 ·
935 2415 1011 2456 ²⁶di

540 2477 593 2515 cit
611 2490 713 2517 unus
731 2491 779 2517 ex
800 2480 919 2519 seruis

540 2541 726 2592 principis
746 2542 907 2581 sacerdo

542 2608 625 2640 tum
663 2604 729 2654 qui
749 2611 940 2655 cognatus

546 2672 627 2702 erat
646 2666 744 2704 illius
762 2688 769 2697 ·
809 2668 921 2707 cuius

543 2734 807 2776 amputauerat
826 2737 957 2780 petrus

544 2797 755 2836 auriculam
772 2820 781 2829 ·
811 2786 892 2839 11οῧ
911 2813 987 2852 ego

1411 202 1526 246 SEC
1533 205 1659 246 UND
1671 224 1681 236 ο

1043 327 1080 360 te
1100 321 1179 359 uidi
1197 321 1236 358 in
1256 320 1370 359 horto

1043 396 1133 422 cum
1152 383 1217 422 illo
1234 404 1243 413 ·
1271 381 1301 404 ²⁷
1314 384 1416 422 Iterii

1042 458 1137 495 ergo
1158 446 1314 496 negauit
1333 459 1381 496 pe

1042 514 1123 546 trus
1152 514 1189 546 et
1209 509 1337 547 statim

1042 570 1167 620 gallus
1188 571 1356 610 cantauit
1367 588 1422 603 »Α

1003 632 1025 657 *
1039 633 1068 655 ²⁸
1078 633 1292 672 Adducunt
1311 645 1406 684 ergo

543 697 744 746 Interroga
762 709 830 735 eos
850 696 915 747 qui
1005 695 1026 720 *

1001 758 1022 783 *
1040 758 1080 796 in
1099 759 1310 809 pretorium
1323 780 1332 790 ·
1350 780 1359 790 ·

543 821 694 860 locutus
714 832 800 858 sum
819 821 891 859 illis
905 841 913 851 ·
1002 818 1023 841 *

1041 695 1123 733 ihm
1139 716 1148 726 ·
1179 708 1202 734 a
1221 697 1371 735 caiafan

1037 827 1119 860 erat
1138 828 1268 860 autem
1287 835 1403 862 mane
1419 843 1428 853 ·

1038 889 1076 922 et
1095 884 1167 934 ipsi
1187 896 1270 922 non
1289 885 1434 924 intraue

1039 952 1130 985 runt
1148 947 1190 985 in
1208 949 1402 997 praetoriii
1418 968 1428 979 ·

1040 1021 1089 1048 ne
1109 1009 1389 1061 coinquinaren

1040 1078 1102 1110 tur
1148 1073 1217 1112 sed
1235 1080 1277 1111 ut
1297 1074 1444 1113 mandu

1042 1142 1173 1175 carent
1191 1137 1338 1186 pascha
1353 1158 1362 1167 ·
1505 1131 1507 1134 ¹

1041 1196 1070 1220 ²⁹
1082 1197 1214 1237 Exiuit
1232 1212 1326 1250 ergo
1345 1199 1485 1251 pilatus

1041 1261 1091 1299 ad
1110 1261 1196 1300 illos
1215 1268 1254 1300 et
1273 1263 1368 1301 dixit
1384 1285 1393 1294 ·
1431 1269 1509 1315 qua

1041 1325 1330 1364 accusationem
1348 1326 1390 1364 in

1041 1386 1147 1425 fertis
1165 1387 1255 1426 huic
1274 1387 1433 1428 homine

1041 1449 1072 1471 ⁸⁰
1085 1449 1386 1500 Responderunt
1404 1458 1442 1491 et

1043 1512 1220 1551 dixerunt
1238 1514 1274 1552 01
1290 1534 1299 1544 ·
1329 1515 1360 1553 si
1379 1527 1462 1554 non

1044 1607 1145 1640 esset
1163 1601 1226 1641 hic
1246 1602 1470 1642 malefactor

1045 1676 1127 1702 non
1146 1665 1214 1703 tibi
1233 1665 1469 1706 traderemus

1044 1727 1153 1765 illum
1169 1748 1178 1757 ·
1208 1726 1236 1748 ⁸¹
1249 1728 1358 1767 Dixit
1376 1742 1471 1779 ergo

1043 1789 1117 1828 illis
1140 1790 1280 1841 pilatus
1296 1812 1305 1822 ·
1335 1793 1460 1843 accipi

1041 1858 1079 1891 te
1098 1865 1190 1891 eum
1208 1865 1281 1893 uos
1298 1875 1306 1884 -
1335 1861 1373 1893 et
1393 1868 1510 1895 secun

1045 1915 1140 1954 dum
1159 1916 1286 1967 legem
1304 1924 1467 1957 uestra-

1043 1978 1208 2018 iudicate
1227 1979 1334 2018 illum
1348 2002 1404 2009 —

1044 2040 1237 2080 Dixerunt
1257 2043 1310 2081 illi
1329 2043 1456 2082 iudaei
1473 2065 1482 2074 ·

1044 2104 1157 2142 nobis
1177 2117 1259 2143 non
1278 2106 1365 2144 licet
1383 2107 1470 2146 occi

1044 2166 1133 2205 dere
1153 2179 1390 2219 quemquam
1406 2189 1415 2199 ·

1044 2228 1074 2251 ³²
1082 2228 1136 2267 Ut
1147 2231 1310 2268 uerbum
1317 2231 1382 2269 ihu
1393 2232 1511 2283 imple

1044 2297 1146 2329 retur
1164 2293 1272 2342 quod
1292 2293 1385 2332 dixit

1044 2354 1269 2403 significans
1287 2368 1366 2406 qua
1384 2368 1471 2395 mor

1059 2428 1080 2454 e
1101 2423 1181 2455 erat
1195 2417 1403 2456 moriturus

1043 2477 1072 2500 33
1084 2478 1261 2518 Introiuit
1279 2480 1417 2519 iterum
1435 2480 1475 2520 in

1042 2543 1235 2593 praetorio
1254 2543 1394 2593 pilatus
1410 2564 1419 2574 ·

1042 2611 1079 2643 et
1099 2606 1257 2644 uocauit
1275 2606 1358 2644 ihm
1374 2627 1383 2637 ·
1412 2612 1451 2645 et

1042 2667 1138 2706 dixit
1152 2668 1206 2706 illi
1246 2674 1288 2706 tu
1307 2681 1349 2708 es
1369 2681 1435 2707 rex
1457 2669 1496 2708 iu

1041 2730 1227 2770 daeorum
1242 2751 1251 2761 ·
1281 2731 1310 2752 ⁸⁴
1321 2743 1463 2782 respon

1041 2793 1095 2832 dit
1114 2793 1173 2833 ihs
1193 2806 1216 2833 a
1235 2795 1439 2845 temetipso

1579 327 1621 360 tu
1640 321 1716 361 hoc
1738 321 1834 362 dicis
1850 343 1859 353 ·
1889 335 1940 362 an
1960 323 2023 362 alii

1578 385 1647 423 tibi
1666 385 1742 423 hoc
1762 385 1809 423 de
1829 398 1892 424 me
1912 386 2000 425 dixe

1579 453 1669 485 runt
1689 468 1698 477 ·
1729 447 1758 469 33
1773 447 1993 499 Respondit

1578 509 1718 560 pilatus
1737 511 1928 562 numquid

1579 584 1655 622 ego
1675 572 1833 612 iudaeus
1853 585 1939 612 sum
1955 594 1964 604 ·

1581 634 1692 674 Gens
1711 641 1778 674 tua
1797 642 1835 674 et
1855 637 1983 687 prinei

1579 709 1650 748 pes
1671 698 1917 737 sacerdotum

1578 761 1816 803 tradiderunt
1834 768 1870 800 te
1890 762 1944 801 mi

1579 823 1620 862 hi
1662 824 1756 875 quid
1775 825 1898 863 fecisti
1914 845 1923 855 ·

1579 885 1609 909 ⁸⁶
1623 886 1843 938 Respondit
1862 888 1921 926 ihs
1940 900 2009 939 reg

1580 961 1676 988 num
1695 962 1826 988 meum
1846 963 1929 990 non

1580 1018 1638 1050 est
1658 1012 1707 1051 de
1726 1012 1801 1052 hoc
1822 1013 1971 1052 mundo

1583 1075 1624 1113 Si
1644 1075 1692 1114 de
1711 1075 1787 1115 hoc
1808 1076 1958 1115 mundo
1979 1088 2021 1116 es

1581 1144 1637 1176 set
1655 1150 1821 1188 regnum
1840 1143 1931 1178 111οῖ1
1946 1160 1955 1170 ·

1580 1201 1744 1239 ministri
1762 1201 1918 1252 utiquae

1582 1264 1660 1302 mei
1679 1264 1856 1303 resistent

1581 1339 1630 1365 ne
1649 1327 1817 1366 traderer
1835 1326 1950 1366 iudae

1582 1389 1615 1428 is
1629 1410 1638 1419 ·
1668 1402 1772 1428 nunc
1793 1396 1922 1428 autem

1581 1464 1745 1503 regnum
1764 1457 1855 1491 111οῦ
1875 1464 1956 1491 11011

1582 1521 1641 1554 est
1660 1515 1751 1554 hinc
1767 1536 1776 1546 ·
1807 1515 1836 1537 ⁸⁷
1847 1515 1956 1554 Dixit
1975 1515 2028 1553 ita

1583 1615 1684 1654 quae
1703 1602 1756 1641 illi
1775 1603 1915 1654 pilatus
1930 1623 1940 1633 ·
1969 1617 2010 1644 er

1583 1678 1636 1716 go
1657 1672 1699 1704 tu
1717 1678 1785 1704 rex
1804 1678 1847 1705 es
1863 1687 1872 1697 ·
1906 1679 2050 1718 respon

1585 1729 1639 1768 dit
1658 1729 1717 1767 ihs
1736 1735 1778 1767 tu
1798 1729 1893 1768 dicis
1930 1730 2039 1782 quod

1583 1804 1652 1831 rex
1669 1805 1755 1831 sum
1776 1804 1852 1842 ego
1869 1813 1878 1823 ·
1907 1792 1996 1844 Ego
2009 1794 2050 1833 in

1584 1854 1660 1894 hoc
1679 1861 1794 1894 natus
1814 1867 1901 1894 sum
1920 1863 1958 1895 et
1978 1857 2028 1895 ad

1584 1916 1661 1956 hoc
1679 1917 1771 1956 ueni
1789 1917 1828 1955 in
1847 1918 1997 1958 mundo
2011 1940 2020 1950 ·

1583 1979 1872 2019 utestimonium
1890 1982 1959 2020 red

1585 2042 1677 2081 dam
1696 2043 1846 2081 ueritati
1859 2063 1868 2073 ·
1883 2063 1892 2073 ·
1924 2043 2004 2083 Om

1584 2105 1645 2143 nis
1664 2105 1729 2155 qui
1747 2111 1807 2144 est
1826 2105 1874 2144 de
1893 2107 2016 2145 uerita

1584 2173 1621 2205 te
1634 2167 1739 2206 audit
1751 2180 1890 2207 uocem
1903 2176 2048 2207 111037·-

1585 2298 1643 2330 est
1661 2293 1803 2332 ueritas
1820 2313 1829 2323 ·
1858 2292 1910 2332 Et
1929 2306 2021 2332 cum

1584 2354 1661 2394 hoc
1681 2355 1840 2394 dixisset
1897 2357 1995 2395 iteri-1

1584 2417 1701 2456 exiuit
1712 2418 1762 2456 ad
1769 2418 1946 2456 iudaeos·
1967 2418 2050 2457 etdi

1584 2479 1637 2518 cit
1655 2480 1726 2519 illis
1768 2492 1844 2531 ego
1864 2480 2009 2519 nullam

1583 2554 1742 2581 causam
1760 2543 1919 2581 inuenio
1937 2543 1977 2581 in
1996 2543 2022 2581 il

1582 2604 1663 2643 lum
1679 2625 1688 2635 ·
1712 2604 1742 2626 ⁸⁹
1755 2611 1814 2644 est
1828 2612 1957 2644 autem
1974 2618 2049 2645 con

1581 2667 1746 2706 suetudo
1765 2667 1879 2707 uobis
1925 2674 2012 2710 utu

1580 2742 1677 2768 num
1697 2730 1887 2769 dimittam
1906 2730 2019 2770 uobis

1579 2805 1649 2844 per
1655 2793 1817 2844 pascha·
1833 2793 1946 2833 uultis
1953 2805 2047 2844 ergo

2166 213 2310 257 [xvm.
2332 218 2497 251 20-xrx.
2519 216 2554 254 6.

2083 324 2275 364 dimittam
2294 325 2409 365 uobis
2429 339 2471 365 re

2081 399 2172 437 gem
2191 387 2419 426 iudaeorum
2435 395 2454 419 ·'

2081 447 2111 470 ⁴⁰
2121 448 2453 488 Exclamauerunt
2472 463 2515 490 er

2082 522 2134 561 go
2154 523 2291 550 omnes
2311 512 2487 552 dicentes
2503 541 2514 552 .

2081 585 2164 612 non
2186 573 2289 613 hunc
2309 575 2378 613 sed
2396 576 2469 614 bar

2082 636 2212 674 abban
2228 656 2238 666 ·
2267 635 2362 675 Erat
2383 640 2472 677 311ῑέ

2081 698 2276 737 barabbas
2295 698 2397 738 latro
2413 721 2423 730 ·

2081 763 2147 799 19.
2156 760 2290 800 ¹Tunc
2301 774 2396 812 ergo
2403 762 2554 814 accepit

2081 822 2221 873 pilatus
2240 823 2322 861 ihm
2338 845 2347 854 ·
2378 830 2416 864 et
2435 824 2487 863 fla

2082 885 2239 935 gellauit
2254 906 2264 916 ·
2293 886 2307 909 ²
2319 893 2358 925 et
2377 887 2513 927 milites

2082 953 2288 987 texuerunt
2308 954 2455 989 corona

2083 1010 2132 1049 de
2152 1011 2272 1061 spinis
2310 1018 2349 1050 et
2367 1012 2512 1063 inposu

2083 1080 2196 1111 erunt
2215 1073 2256 1111 in
2275 1075 2404 1125 capud
2425 1076 2509 1114 eius
2523 1096 2533 1107 ·

2083 1141 2121 1174 et
2138 1136 2414 1175 uestimentum
2434 1150 2507 1189 pur

2082 1210 2248 1249 pureum
2268 1199 2468 1239 circumde

2083 1260 2223 1299 derunt
2242 1270 2333 1299 eum
2349 1283 2358 1293 ·
2389 1262 2466 1302 ⁸Et
2485 1263 2525 1302 di

2084 1324 2225 1362 cebant
2269 1324 2370 1364 haue
2389 1337 2458 1364 rex
2477 1327 2518 1365 iu

2083 1385 2271 1425 dacorum
2286 1407 2295 1417 ·
2325 1393 2363 1426 et
2382 1387 2529 1427 dabant

2083 1448 2135 1486 1111
2154 1448 2305 1499 palmas
2321 1470 2331 1480 ·
2361 1450 2375 1471 ⁴
2387 1450 2519 1490 Exiuit

2083 1511 2222 1549 iterum
2241 1512 2382 1562 pilatus
2402 1512 2496 1552 foris

2083 1605 2122 1638 et
2141 1599 2194 1638 ait
2212 1599 2286 1638 illis
2302 1620 2311 1630 ·
2334 1613 2428 1640 ecce
2447 1600 2554 1641 addu

2084 1674 2133 1701 co
2153 1662 2261 1700 illum
2279 1664 2394 1702 uobis
2414 1663 2506 1704 foris
2521 1685 2532 1695 ·

2084 1732 2126 1763 ut
2145 1725 2275 1764 sciatis
2294 1726 2404 1776 quod
2422 1726 2463 1765 in
2483 1726 2510 1766 il

2083 1787 2165 1825 lum
2185 1788 2342 1839 culpam
2362 1801 2445 1828 non
2464 1789 2506 1828 in

2084 1851 2202 1889 uenio
2218 1870 2228 1880 ·
2258 1850 2272 1871 ‘⁵
2283 1850 2416 1890 Exiuit
2427 1863 2523 1903 ergo
2592 1854 2598 1855 ’

2083 1912 2188 1951 foras
2207 1912 2267 1952 ihs
2287 1913 2437 1953 habens

2084 1976 2264 2026 spineam
2283 1988 2474 2015 coronam
2490 1997 2500 2008 ·

2084 2043 2122 2076 et
2141 2050 2377 2089 purpuream
2397 2040 2479 2078 tuni

2085 2113 2173 2139 03111
2190 2122 2199 2131 ·
2228 2101 2280 2139 Et
2300 2102 2394 2141 dicit
2413 2102 2487 2141 illis

2084 2176 2174 2202 ecce
2194 2163 2314 2203 homo
2330 2185 2339 2195 -
2369 2165 2383 2186 ⁶
2395 2176 2514 2215 quem

2084 2238 2174 2266 cum
2194 2226 2381 2265 uidissent
2399 2227 2488 2277 prin

2084 2289 2191 2338 cipes
2211 2289 2459 2328 sacerdotum
2473 2310 2484 2321 ·

2085 2357 2122 2390 et
2139 2351 2305 2390 ministri
2342 2352 2454 2391 excla

2084 2420 2290 2452 mauerunt
2309 2414 2484 2454 dicentes

2083 2477 2266 2527 crucifige
2286 2477 2468 2528 crucifige

2082 2539 2190 2578 illum
2211 2560 2220 2570 ·
2250 2539 2359 2578 Dixit
2377 2541 2450 2579 illis
2469 2540 2509 2591 pi

2083 2602 2183 2641 latus
2201 2603 2364 2654 accipite
2383 2615 2455 2642 uos
2471 2603 2498 2642 11

2082 2665 2163 2704 111111
2183 2672 2221 2704 et
2240 2666 2450 2716 crucifigite
2465 2686 2475 2697 ·

2083 2740 2159 2779 ego
2179 2728 2285 2767 enim
2305 2741 2385 2768 non
2404 2729 2495 2768 inue

2081 2792 2149 2831 nio
2169 2792 2209 2830 in
2229 2791 2336 2831 illum
2355 2791 2511 2843 culpam

2579 332 2663 364 1¹01.
2679 332 2764 365 245.
