2872 3268
571 196 630 240 26

391 320 474 353 ποι.
492 320 554 352 50.
570 312 623 352 ob
643 324 759 351 causa
781 311 930 352 fornica

569 375 710 414 tionis·
741 382 778 414 et
797 375 913 414 aliam

567 436 718 477 duxerit
735 436 902 476 moecha

567 507 630 539 tur
643 522 652 531 ·
681 507 720 539 et
740 501 940 539 dimissam

568 563 634 613 qui
654 563 803 602 duxerit
821 574 912 600 moe

568 625 705 664 chatur
719 645 728 655 ·
769 623 797 645 ¹⁰
810 624 944 663 dicunt

566 687 601 725 ei
621 686 794 737 discipuli
813 686 893 724 eius
909 706 918 715 -

567 749 607 787 Si
626 749 677 788 ita
697 756 755 788 est
777 760 896 787 causa
909 768 918 778 ·

564 812 633 850 uin'
653 824 744 850 cum
763 818 877 850 uxore
897 823 979 850 non

563 874 719 925 expedit
738 875 883 912 nubere
897 894 906 903 ·

564 935 592 958 ¹¹
605 937 658 975 At
676 937 739 975 ille
759 936 854 975 dixit
873 936 928 975 eis
942 956 951 966 ·

564 1012 646 1038 non
666 1011 805 1038 omnes
825 999 913 1049 capi

564 1069 634 1100 unt
652 1063 816 1101 uerbum
838 1062 871 1100 is

564 1124 633 1163 tud
685 1125 754 1163 sed
774 1125 913 1175 quibus

563 1193 743 1238 paratum
766 1194 846 1226 est·

563 1249 592 1270 ¹²
600 1250 698 1289 Sunt
716 1251 822 1289 enim
840 1249 1009 1288 eunuchi
1023 1270 1032 1280 ·

563 1313 629 1363 qui
649 1312 696 1351 de
716 1319 826 1351 utero
845 1324 911 1350 ma

563 1376 631 1414 tris
649 1376 728 1414 nati
747 1381 838 1413 sunt
857 1375 910 1414 sic
926 1395 935 1405 ·

563 1437 615 1476 Et
635 1445 726 1477 sunt
744 1437 912 1476 eunuchi

563 1500 630 1550 qui
648 1500 738 1539 facti
757 1506 848 1538 sunt
861 1500 911 1538 ab

562 1588 787 1627 hominibus
801 1609 810 1618 -
840 1587 891 1626 Et
913 1594 1002 1626 sunt

564 1651 731 1690 eunuchi
750 1651 816 1701 qui
839 1663 879 1689 se
899 1651 938 1701 ip

562 1725 626 1767 sos
648 1713 849 1752 eunuchos
867 1713 903 1751 fe

561 1783 697 1814 cerunt
743 1781 900 1827 propter
936 1788 938 1791 ·

558 1850 723 1888 regnum
743 1838 939 1877 caelorum
953 1858 961 1868 ·

559 1901 626 1951 qui
644 1907 771 1951 potest
790 1913 929 1951 capere

559 1963 686 2013 capiat
702 1983 711 1992 ·
755 1962 784 1984 ¹³
798 1963 914 2002 Tunc

559 2026 678 2065 oblati
698 2032 787 2064 sunt
807 2026 841 2065 ei
860 2038 938 2076 pue

559 2089 591 2126 ri
611 2096 653 2127 ut
672 2100 812 2127 manus
832 2089 887 2127 eis
907 2089 947 2126 in

558 2157 721 2202 poneret
743 2157 781 2189 et
800 2157 927 2190 oraret
941 2172 950 2181 ·

560 2212 752 2263 Discipuli
772 2219 904 2252 autem

558 2276 791 2327 proibebant
810 2280 901 2314 eos·

559 2337 589 2359 ¹⁴
601 2338 669 2377 Ihs
688 2344 818 2376 autem
838 2338 891 2376 ait
907 2360 914 2368 ·

560 2408 598 2440 te
618 2413 759 2451 pueros
779 2407 816 2439 et
836 2401 917 2439 noli

560 2464 734 2514 proibere
753 2476 822 2502 eos
841 2464 932 2502 ueni

560 2538 601 2564 re
621 2526 671 2564 ad
691 2538 754 2565 me
768 2546 777 2555 ·
805 2526 938 2565 talium

562 2589 668 2626 enim
687 2595 744 2626 est
763 2600 931 2638 regnum

562 2650 781 2688 caelorum·
819 2650 847 2672 ¹⁶
860 2657 898 2689 et
916 2651 1011 2702 inpo

562 2712 642 2750 sitis
660 2712 732 2751 illis
751 2725 891 2752 manus

562 2774 654 2812 abiit
671 2774 761 2814 inde
777 2797 785 2806 ·

958 2338 1031 2377 sini

1429 185 1728 238 SECUND&
1738 217 1746 227 ·

1392 311 1473 322 un·-

1066 371 1141 411 'xiiis
1159 372 1300 411 accesit
1319 371 1370 411 ad
1388 385 1479 411 eum
1492 394 1501 403 ·

1067 442 1106 474 et
1125 435 1176 473 ait
1196 435 1248 472 illi
1304 436 1431 485 magis

1068 504 1125 536 ter
1144 499 1274 536 bonae
1291 518 1300 528 ·
1336 498 1430 548 quid

1068 560 1162 599 boni
1180 559 1322 599 faciam
1340 567 1383 599 ut
1402 560 1453 599 ha

1068 623 1184 661 beam
1203 623 1327 661 uitam
1346 630 1453 662 aeter

1067 697 1162 724 nam
1178 706 1187 716 ·
1229 684 1259 707 ²⁷
1270 685 1323 724 At
1340 686 1400 725 ille
1420 686 1484 725 dix

1068 748 1097 786 it
1115 748 1150 786 ei
1169 747 1262 798 quid
1282 760 1345 787 me
1366 748 1462 787 dicis

1068 811 1219 849 bonum
1274 823 1393 850 nemo
1412 812 1465 850 bo

1069 885 1143 912 nus
1162 873 1236 911 nisi
1254 885 1355 912 unus
1375 873 1443 912 ds·

1071 935 1112 974 Si
1130 943 1260 975 autem
1278 936 1337 975 uis
1356 936 1457 975 intro

1068 999 1122 1037 ire
1137 998 1177 1036 in
1196 999 1318 1037 uitam
1366 1011 1429 1038 ser

1068 1073 1119 1099 ua
1137 1060 1324 1100 mandata
1338 1082 1346 1092 ·
1375 1060 1405 1082 ¹⁸
1420 1061 1510 1101 dicit

1066 1123 1118 1162 illi
1139 1136 1239 1174 quae
1281 1123 1348 1163 Ihs
1368 1128 1456 1163 aute

1068 1186 1185 1227 dixit·
1242 1199 1325 1226 non
1344 1188 1429 1226 oeci

1067 1248 1137 1287 des
1151 1269 1160 1279 ·
1190 1260 1273 1287 non
1293 1249 1423 1288 adulte

1067 1312 1170 1350 rabis
1184 1332 1193 1342 ·
1223 1324 1304 1351 non
1324 1312 1443 1351 facies

1068 1373 1210 1412 furtum
1226 1394 1236 1403 ·
1265 1386 1347 1413 non
1366 1374 1418 1412 fal

1069 1449 1155 1475 sum
1173 1436 1394 1475 testimonii-1

1068 1499 1174 1538 dices
1190 1520 1199 1529 ·
1237 1498 1266 1520 ¹⁹
1282 1499 1449 1539 Honora

1067 1594 1219 1638 patrem
1238 1594 1276 1626 et
1295 1594 1464 1626 matre—-

1067 1657 1106 1689 et
1126 1650 1260 1700 diliges
1280 1649 1492 1700 proximu-

1067 1720 1177 1751 tuum
1197 1713 1293 1751 sicut
1312 1719 1349 1750 te

1065 1775 1195 1825 ipsum
1210 1795 1219 1805 ·
1262 1774 1293 1797 ²⁰
1308 1774 1414 1813 Dicit
1428 1774 1479 1812 illi

1066 1837 1295 1876 adulescens
1309 1858 1318 1867 ·
1348 1850 1415 1876 om

1065 1900 1130 1938 nia
1148 1899 1246 1938 haec
1266 1899 1458 1938 custodiui

1066 1974 1090 2000 a
1109 1962 1305 2000 iuuentute
1325 1974 1413 2000 mea
1429 1982 1438 1992 ·

1066 2025 1160 2075 quid
1180 2024 1308 2063 adhuc
1327 2023 1422 2062 mihi

1066 2088 1174 2126 deest
1187 2107 1196 2117 ·
1238 2086 1268 2110 ²²
1281 2087 1347 2126 Ait
1365 2087 1416 2125 illi
1435 2087 1494 2126 ihs

1066 2151 1098 2189 si
1115 2151 1175 2189 uis
1193 2150 1385 2201 perfectus

1065 2225 1150 2252 esse
1164 2234 1173 2243 ·
1202 2213 1304 2251 uade
1323 2225 1402 2251 uen

1065 2275 1115 2314 de
1134 2275 1268 2314 omnia
1287 2282 1353 2313 tua
1400 2281 1439 2313 et

1065 2337 1115 2376 da
1134 2338 1369 2388 pauperibus
1386 2358 1395 2367 ·

1064 2407 1102 2439 et
1121 2400 1281 2438 habebis
1301 2400 1415 2438 thens

1064 2475 1202 2502 aurum
1221 2463 1262 2500 in
1281 2462 1391 2502 caelo
1404 2483 1413 2492 ·

1064 2532 1103 2564 et
1122 2525 1212 2564 ueni
1231 2537 1392 2576 sequere
1411 2537 1474 2563 me
1487 2545 1496 2555 ·

1064 2585 1094 2610 ²²
1106 2588 1208 2626 Cum
1227 2587 1396 2626 audisset
1415 2590 1503 2626 aute

1064 2650 1294 2689 adulescens
1313 2662 1382 2688 uer
1447 2645 1449 2647 ’

1066 2715 1159 2752 bum
1175 2733 1184 2743 ·
1215 2712 1307 2750 abiit
1325 2712 1440 2751 tristis

1064 2775 1268 2815 eratenim
1285 2774 1435 2815 habens

1613 310 1753 349 multas
1771 310 1939 360 possessi

1612 385 1730 412 ones·
1760 371 1788 393 ²⁸
1801 372 1868 411 Ihs
1888 375 1976 411 aute

1611 435 1708 473 dixit
1727 434 1921 485 discipulis

1611 498 1689 536 suis
1705 518 1715 528 ·
1744 496 1874 536 Amen
1896 497 1935 536 di

1609 572 1658 599 co
1677 560 1790 598 uobis
1809 559 1915 610 quod

1609 621 1760 661 difficile
1780 622 1888 660 diues

1607 684 1763 723 intrabit
1781 685 1822 722 in
1844 696 1915 734 reg

1608 758 1703 784 num
1722 746 1918 786 caelorum
1931 767 1941 777 ·

1607 807 1636 830 ²⁴
1649 809 1795 848 Iterum
1816 809 1903 848 dico
1921 822 1974 849 uo

1607 872 1667 911 bis
1682 893 1691 903 ·
1726 872 1896 911 Facilius
1915 878 1974 911 est

1608 934 1802 974 camelum
1847 947 1916 986 per

1607 997 1785 1036 foramen
1806 1009 1902 1048 agus

1607 1061 1767 1100 transire
1787 1073 1905 1111 quam

1608 1123 1767 1162 diuitem
1787 1123 1929 1162 intrare

1606 1186 1647 1224 in
1668 1198 1834 1236 regnum
1860 1185 1968 1225 caelo

1606 1261 1692 1287 rum
1709 1269 1718 1279 ·
1759 1246 1967 1286 2⁵Audtitis

1607 1318 1737 1350 autem
1755 1311 1814 1349 his
1834 1311 1931 1349 disci

1607 1373 1706 1424 pulis
1724 1374 1901 1412 miraban

1607 1441 1667 1474 tur
1686 1435 1799 1474 nimis
1818 1436 1930 1474 dicen

1607 1505 1664 1538 tes
1681 1519 1690 1528 ·
1720 1498 1806 1549 quis
1824 1510 1919 1548 ergo

1606 1592 1735 1636 potest
1754 1586 1891 1624 saluari
1907 1606 1916 1616 -

2280 203 2391 247 [xxx.
2404 207 2531 250 9-xx.
2549 216 2580 249 4.

2113 309 2282 349 hominis
2300 311 2341 349 in
2361 311 2451 350 sede

2113 373 2322 412 maiestatis
2342 386 2459 412 suae*

2115 434 2293 474 Sedibitis
2307 442 2345 474 et
2358 448 2431 475 uos

2114 509 2229 548 super
2247 497 2408 537 thronos

2114 559 2322 599 duodecim
2366 560 2446 599 iudi

2114 628 2246 661 cantes
2266 623 2472 661 duodecim

2111 684 2231 723 tribus
2250 685 2298 724 isi
2310 706 2319 715 ·
2362 684 2392 707 ²⁹
2404 686 2455 724 Et
2475 698 2542 725 om

2111 747 2172 785 nis
2191 748 2256 798 qui
2274 748 2417 799 relique

2109 810 2155 848 rit
2175 810 2314 850 domos
2359 811 2422 850 uel

2111 871 2245 911 fratres
2258 894 2267 903 ·
2296 873 2359 912 uel
2379 885 2469 913 soro

2112 947 2173 973 res
2187 956 2196 965 ·
2226 942 2293 974 aut
2311 942 2460 986 patrem

2113 1006 2178 1036 aut
2197 1005 2360 1037 matrem
2377 1019 2386 1028 ·
2406 1005 2472 1037 aut

2112 1067 2265 1099 uxorem
2279 1082 2287 1091 ·
2317 1067 2384 1100 aut
2403 1061 2501 1100 filios
2514 1082 2523 1091 ·

2112 1130 2179 1161 aut
2199 1135 2314 1173 agros
2334 1136 2433 1174 prop

2111 1192 2168 1225 ter
2188 1199 2334 1225 nomen
2354 1198 2486 1225 meum
2502 1207 2512 1217 ·

2112 1249 2336 1299 centuplum
2355 1249 2479 1299 accipi

2111 1318 2149 1350 et
2163 1332 2171 1341 -
2203 1318 2240 1350 et
2258 1312 2379 1349 uitam
2399 1318 2504 1351 aeter

2111 1386 2203 1411 nam
2223 1373 2434 1424 possidebit
2449 1394 2458 1404 ·

2110 1434 2140 1456 ³⁰
2156 1435 2270 1474 Multi
2288 1442 2416 1474 autem
2435 1442 2547 1475 erunt

2109 1498 2223 1548 primi
2243 1498 2442 1537 nouissimi

2108 1593 2146 1624 et
2161 1586 2362 1626 nouissimi
2373 1587 2489 1638 primi.
2500 1608 2509 1618 ·
2523 1603 2579 1622 -r

1605 1648 1814 1699 ²⁶Aspiens
1834 1654 1964 1687 autem
1983 1648 2042 1687 ihs
2064 1670 2072 1679 -
2108 1666 2163 1682 m
2190 1671 2243 1678 —
2273 1667 2328 1685 ω
2355 1672 2409 1679 -
2437 1667 2493 1686 φ.

1605 1711 1701 1750 dixit
1719 1711 1791 1750 illis
1805 1731 1814 1741 ·
1845 1711 1949 1761 apud

1603 1773 1782 1813 homines
1801 1774 1960 1825 quidem

1603 1837 1678 1876 hoc
1698 1836 1923 1888 inpossibile

1602 1906 1660 1938 est
1673 1920 1682 1930 ·
1712 1899 1817 1950 apud
1837 1899 1904 1937 dr‘1'1
1923 1912 1974 1938 au

1601 1968 1680 2001 tem
1699 1962 1831 2002 omnia
1850 1962 1955 2012 possi

1600 2025 1690 2063 bilia
1709 2031 1799 2063 sunt
1812 2045 1821 2055 ·
1840 2046 1848 2055 ·
1879 2023 1908 2046 ²⁷
1921 2025 2037 2063 Tunc

1600 2087 1842 2138 respondens
1861 2099 1911 2138 pe

1600 2156 1682 2188 trus
1701 2150 1797 2188 dixit
1818 2150 1878 2188 ei·
1907 2162 2002 2189 ecce

1601 2224 1674 2251 nos
1693 2212 1916 2262 reliquimus

1600 2274 1733 2314 omnia
1753 2281 1791 2313 et
1811 2275 1933 2313 secuti

1601 2349 1733 2376 sumus
1753 2343 1790 2375 te
1839 2337 1934 2387 quid

1599 2412 1694 2450 ergo
1713 2400 1783 2438 erit
1802 2399 1914 2438 nobis
1931 2420 1940 2429 ·

1600 2462 1629 2485 ²⁸
1641 2462 1710 2501 Ihs
1728 2468 1860 2501 autem
1881 2462 1977 2501 dixit
1995 2462 2021 2501 il

1600 2525 1646 2563 lis
1663 2546 1671 2554 ·
1711 2537 1828 2563 amen
1849 2524 1936 2564 dico

1600 2588 1713 2626 uobis
1761 2587 1870 2639 quod
1887 2599 1961 2626 uos
2015 2635 2018 2638 Δ

1601 2650 1667 2701 qui
1687 2650 1806 2689 secuti
1825 2650 1916 2689 estis
1935 2661 1999 2688 me
2013 2670 2022 2680 ·

1602 2713 1650 2752 In
1667 2712 1957 2763 regeneratione

1602 2788 1693 2815 curn
1713 2775 1850 2815 sederit
1870 2774 1971 2813 filius

2075 1709 2097 1734 *
2110 1715 2179 1751 20.
2209 1711 2221 1734 ¹
2235 1711 2366 1750 Simile
2385 1718 2443 1751 est
2462 1713 2566 1751 enim

2075 1772 2094 1795 *
2108 1787 2273 1825 regnum
2293 1775 2490 1814 caelorum
2506 1796 2516 1806 ·

2072 1837 2094 1862 *
2108 1837 2256 1876 homini
2275 1837 2413 1888 patrifa

2072 1900 2094 1925 *
2109 1900 2234 1939 milias
2250 1921 2260 1930 ·
2291 1901 2357 1951 qui
2376 1900 2468 1940 exiit

2071 1963 2092 1988 *
2105 1963 2231 2013 primo
2250 1975 2367 2002 mane

2105 2025 2325 2065 conducere
2346 2038 2466 2077 opera

2105 2088 2183 2126 rios
2202 2088 2242 2126 in
2260 2088 2416 2127 uineam
2436 2101 2487 2127 su

2105 2163 2170 2190 am
2183 2171 2192 2180 ·
2221 2149 2235 2170 ²
2248 2151 2432 2190 conuenit
2451 2163 2501 2190 au

2104 2220 2185 2253 tem
2205 2225 2295 2252 cum
2315 2214 2466 2263 operari

2104 2276 2137 2314 is
2157 2287 2207 2314 ex
2227 2275 2386 2314 denario

2105 2337 2246 2376 diurnu
2265 2344 2303 2376 et
2321 2338 2425 2376 misit

2104 2411 2173 2438 eos
2191 2400 2232 2437 in
2250 2400 2408 2439 uineam
2429 2408 2542 2439 sua-

2103 2462 2117 2483 ⁸
2129 2461 2179 2500 Et
2198 2474 2376 2512 egressus
2395 2463 2499 2502 circa

2103 2524 2252 2563 tertiam
2271 2524 2407 2563 horam
2421 2546 2430 2555 ·

2103 2586 2198 2625 uidit
2217 2587 2313 2625 alios
2333 2594 2480 2627 stantes

2102 2649 2143 2686 in
2162 2649 2247 2688 foro
2267 2650 2412 2689 otiosos
2427 2671 2437 2681 ·

2103 2711 2181 2751 4Et
2199 2712 2269 2750 illis
2289 2712 2383 2751 dixit
2438 2713 2489 2752 ite
2507 2720 2547 2753 et

2103 2786 2176 2814 uos
2194 2775 2235 2813 in
2254 2775 2410 2814 uineam
2422 2796 2432 2806 ·

2597 318 2680 356 1¹01.
2697 319 2756 351 51.-
