2872 3268
586 270 750 322 RELA
764 271 916 311 TION
935 272 1060 325 OFq
1088 272 1161 310 TO
1187 271 1393 311 OTHER
1426 271 1644 311 OLD-LA
1659 272 1771 313 TIN
1793 272 2003 314 TEXTS.
2121 275 2228 316 xlvii

415 381 575 421 Selected
585 384 761 434 readings
775 385 856 423 and
868 385 1088 434 renderz'ngs
1107 386 1148 423 z'n
1160 384 1283 423 which
1355 383 1516 423 selected
1530 386 1706 435 readings
1725 385 1806 423 and
1818 386 2037 436 renderz'ngs
2052 388 2092 425 in
2104 388 2227 425 which

578 449 598 487 f
612 462 638 501 q
656 450 768 501 dzffer
771 451 885 502 from
903 451 989 489 each
1009 451 1121 489 other.
1517 450 1537 487 f
1551 462 1578 501 q
1589 464 1654 488 are
1667 452 1806 500 agreed
1819 453 1973 501 against
1989 453 2089 491 other
2100 451 2227 491 Euro-

417 512 534 551 Mark
553 514 592 553 ii.
1512 521 1607 565 pean
1625 519 1735 554 texts.

448 591 508 617 10.
538 579 637 618 filius
656 579 826 619 hominis
845 580 866 619 b
885 593 919 631 q.

504 650 506 652 '
631 645 656 684 f.
677 644 716 684 h.
735 657 851 696 super
870 652 1014 684 terram
1032 658 1057 683 a
1072 644 1140 697 ,es
1152 643 1257 698 (-ra).

634 710 657 748 s.
678 710 714 749 h.
734 710 775 750 in
794 718 895 750 terra
914 712 943 749 d
952 710 1040 749 Am·
1388 759 1446 784 11.
1476 747 1543 786 tibi
1563 747 1652 787 dico
1672 761 1696 786 a
1716 748 1819 799 dfq
1839 748 1928 787 Am·

1573 826 1640 852 om.
1661 814 1681 852 b
1700 826 1727 852 e.

449 889 507 914 12.
537 877 598 915 ille
625 884 755 916 autem
779 890 943 929 surgens
973 877 1056 917 tulit
1086 879 1286 918 crabatum

688 943 709 981 b
728 955 761 992 q.

634 1014 670 1047 et
689 1008 751 1047 ille
772 1008 979 1048 confestim
1005 1022 1170 1061 surgens
1195 1012 1284 1049 sub-

687 1073 764 1113 lato
784 1075 962 1126 grabatto
982 1089 1016 1114 a.

633 1146 671 1178 et
705 1141 833 1178 statim
869 1141 1029 1180 surrexit
1062 1149 1100 1180 et
1133 1141 1285 1181 sublato

687 1218 745 1256 gr.
766 1207 838 1257 df
847 1205 996 1258 (statim
1016 1207 1096 1259 ille)
1116 1207 1252 1260 (Am.)

634 1277 671 1309 et
693 1283 855 1322 surgens
874 1272 1084 1312 adsumens
1103 1286 1158 1324 gr.
1179 1285 1211 1312 e.

538 1336 628 1386 quia
648 1349 863 1387 numquam
884 1339 1009 1377 taliter
1028 1339 1170 1379 uidisse
1191 1352 1231 1378 se
1251 1353 1282 1389 q.

634 1411 849 1451 numquam
864 1401 988 1439 taliter
1003 1402 1145 1441 uidisse
1166 1415 1205 1441 se
1221 1417 1255 1441 a.

633 1462 725 1512 quia
768 1475 984 1514 numquam
1023 1465 1078 1503 sic
1116 1465 1283 1503 uidimus

671 1528 718 1578 f
727 1528 815 1566 Am.

634 1594 724 1643 quia
743 1593 865 1632 taliter
884 1607 1099 1646 numquam
1114 1597 1188 1635 uid.
1209 1598 1242 1635 d.

634 1660 821 1708 quoniam
863 1660 916 1699 sic
960 1673 1174 1713 numquam
1221 1662 1283 1701 tal.

688 1724 762 1762 uid.
782 1738 810 1762 e.

635 1790 822 1839 quoniam
838 1790 963 1829 taliter
978 1805 1058 1831 non
1074 1793 1161 1832 talia
1176 1794 1284 1832 uide-

688 1862 777 1894 runt
796 1857 827 1894 b.

450 1931 507 1968 13.
538 1921 728 1969 processit
748 1922 777 1959 d
790 1935 824 1971 q.

633 1986 724 2024 exiit
742 1999 767 2025 a
785 1988 805 2026 b
825 2001 852 2026 e.

633 2063 812 2102 egressus
833 2061 890 2092 est
897 2055 943 2105 f
952 2054 1038 2093 Am.

537 2117 744 2168 omnisque
764 2119 784 2157 b
803 2132 826 2168 q
848 2119 932 2157 Am.

634 2191 672 2222 et
692 2185 820 2223 omnis
840 2198 864 2223 a
884 2186 913 2223 d
927 2184 1100 2239 (omnes)
1122 2189 1188 2239 ef·
1388 2228 1448 2280 14,
1479 2232 1552 2271 leui
1573 2246 1606 2283 q,
1626 2232 1877 2285 leuinsAm·

1574 2299 1755 2338 iacobum
1775 2312 1799 2337 a
1819 2299 1839 2337 b
1859 2299 1888 2336 d
1902 2313 1928 2340 e.

449 2372 509 2410 15.
539 2362 810 2402 discumbente
830 2364 894 2403 illo
912 2378 946 2415 q.

634 2428 966 2469 discumbentibus
986 2431 1041 2470 eis
1061 2446 1085 2470 a
1101 2431 1138 2485 (b
1158 2433 1258 2487 illis).

635 2495 950 2534 recumbentibus
970 2497 1043 2536 illis
1062 2499 1095 2537 d.

634 2570 725 2598 cum
792 2560 1054 2601 discumberet
1106 2565 1152 2615 s
1198 2566 1232 2603 Α
1239 2579 1287 2604 m.

690 2622 895 2677 (accum-).

637 2701 729 2727 cum
751 2692 1020 2731 recumberent
1038 2707 1065 2731 e.

542 2755 819 2794 recumbebant
838 2770 862 2794 a
882 2758 902 2795 b
922 2758 951 2794 d
964 2771 982 2795 e
997 2772 1032 2807 q.

639 2819 934 2861 discumbebant
935 2823 981 2873 f
990 2823 1078 2862 Am.
