2872 3268
1194 198 1428 239 LUCAN·
2261 208 2315 251 97

1411 269 1554 303 seconda
1576 269 1757 303 domeneca

1415 318 1491 356 post
1505 314 1542 346 xl

1314 366 1374 389 *¹¹
1386 367 1497 405 Dixit
1519 374 1648 405 autem
1671 366 1730 405 ihs

1313 429 1332 451 *
1345 430 1466 469 homo
1490 429 1648 480 quidam

306 210 399 244 XIV.
413 210 561 252 33—XV.
577 207 648 251 23.]

1847 365 2061 405 Abundant
2080 367 2215 417 panibs
2332 368 2413 400 Fol.
2430 371 2509 403 132.

1847 441 1924 479 ego
1944 435 2074 467 autem
2094 429 2156 467 hic
2176 429 2214 468 fa

807 369 983 420 gaudens
1022 369 1087 408 ⁶et
1106 368 1197 407 ueni

807 444 878 471 ens
897 432 1060 470 domum
1079 444 1155 470 con

99 379 182 412 1¹01.
198 380 275 412 131.
307 371 503 411 Omnibus
527 371 593 423 qui
611 382 686 422 pos

305 433 404 473 sidet
451 447 532 474 non
552 440 680 485 potest

303 508 415 535 meus
440 497 649 546 discipulus

283 610 286 611 ⁷
302 571 388 598 esse
403 579 412 590 ·
429 579 439 590 ·
455 580 464 589 ·

303 621 358 660 sal
376 642 386 652 ·
435 621 503 660 sed
524 622 554 659 si
575 621 632 660 sal
651 633 700 660 co

301 695 378 734 que
397 684 596 722 euanuerit
608 704 618 714 ι

301 745 341 783 in
360 758 439 796 quo
457 746 660 785 condietur
673 767 682 776 ·

300 807 331 829 ³⁶
342 820 471 859 neque
490 809 531 846 in
550 815 649 848 terra
665 830 674 839 ·

300 882 427 922 neque
447 871 487 908 in
507 871 648 910 stercili

300 944 356 972 no
374 932 466 972 utile
485 939 544 972 est
561 953 570 963 ·
613 932 683 973 sed

293 994 405 1034 'foras
425 995 577 1034 mittent
595 1000 646 1034 esi
667 1016 676 1026 ·

300 1058 367 1109 qui
386 1057 506 1096 habet
521 1069 634 1096 aures

301 1120 488 1160 audiendi
503 1120 634 1159 audiat
648 1138 703 1156 w·

430 1199 650 1218 mm

265 1243 287 1267 *
301 1248 363 1284 15.
381 1243 527 1284 *Erant
545 1252 675 1284 autem
696 1245 747 1285 ad

265 1306 287 1331 *
301 1308 421 1359 pliciti
437 1308 490 1346 illi
509 1320 564 1359 pu

267 1369 287 1393 *
302 1370 445 1422 plicani
465 1376 503 1409 et
522 1383 644 1422 pecca

300 1439 406 1472 tores
445 1439 487 1473 ut
510 1434 687 1474 audirent

302 1495 409 1534 illum
422 1516 431 1526 ·
460 1494 475 1516 ²
487 1502 526 1534 et
545 1508 634 1534 mur

300 1559 507 1597 mutabant
524 1557 650 1597 farisei

300 1651 340 1684 et
359 1645 508 1685 scribae
527 1646 700 1686 dicentes

300 1708 408 1758 quod
427 1707 492 1747 hic
510 1715 675 1759 peccato

298 1782 361 1810 res
380 1771 568 1821 reciperet
587 1778 627 1810 et

299 1833 551 1872 manducaret
566 1846 657 1872 cum

299 1895 374 1934 il1is
388 1915 397 1926 ·
417 1916 425 1926 -
456 1895 532 1934 ³Et
551 1897 604 1935 ait
623 1896 673 1935 ad
692 1895 720 1935 il

298 1957 358 1997 los
377 1958 624 1998 similitudine

298 2019 401 2059 hanc
422 2021 556 2060 dicens
572 2042 582 2052 ·

298 2082 315 2104 ⁴
327 2082 427 2131 Quis
445 2096 495 2122 ex
509 2084 624 2123 uobis
643 2084 765 2124 homo

299 2145 365 2196 qui
383 2145 499 2184 habet
521 2153 670 2185 centu-

299 2219 396 2247 oues
409 2228 419 2239 ·
459 2214 497 2247 et
513 2209 544 2247 si
564 2221 649 2248 erra

299 2271 398 2309 uerit
416 2283 495 2310 una
513 2284 562 2310 ex
581 2272 636 2310 eis

299 2344 382 2371 non
400 2333 568 2372 dimittat
587 2347 641 2373 no

300 2396 463 2445 naginta
481 2408 627 2436 nouem

301 2457 343 2495 in
361 2457 515 2498 deserto
555 2466 593 2498 et
609 2460 659 2499 ab

301 2519 370 2558 ibit
388 2520 438 2558 ad
456 2520 561 2559 illam
580 2533 681 2572 quae

300 2583 442 2620 errauit
461 2582 588 2623 donec

300 2643 472 2682 inueniat
489 2657 579 2683 eam

301 2705 316 2727 ⁵
332 2713 370 2744 et
389 2718 481 2745 cum
500 2707 690 2747 inuenerit

302 2780 389 2807 eam
408 2769 562 2819 inponit
581 2776 661 2808 ea-

301 2830 342 2868 in
360 2842 515 2871 umeros
533 2843 625 2871 suos

495 559 524 581 ⁸4
537 558 693 598 Bonum
713 565 772 599 est

806 500 925 533 uocat
944 495 1092 533 amicos
1112 501 1151 533 et

805 557 956 595 uicinos
977 557 1110 595 dicens

804 618 878 657 illis
894 639 903 649 ·
949 618 1186 669 Congratula

804 681 902 719 mini
920 693 1076 720 mecum
1095 682 1186 731 quia

803 743 962 782 inuenta
982 750 1041 782 est
1059 744 1143 783 ouis

804 818 893 845 mea
911 817 1012 856 quae
1031 807 1136 856 perie

804 874 862 907 rat
875 889 884 898 ·
903 890 911 898 ·
945 868 961 890 ⁷
973 868 1074 908 Dico
1094 870 1206 908 uobis

805 931 912 981 quod
931 931 984 970 ita
1003 931 1148 982 gaudia

805 993 876 1032 erit
895 994 934 1031 in
954 994 1064 1032 caelo
1085 994 1125 1032 in
1145 1007 1171 1033 u

805 1067 858 1093 no
877 1062 1083 1105 peccatore
1099 1069 1149 1108 pe

804 1118 1007 1157 nitentiam
1027 1119 1078 1157 ha

804 1180 964 1219 bentem
1005 1193 1126 1231 quam

804 1242 846 1280 in
866 1243 1079 1293 nonaginta
1098 1256 1152 1282 no

805 1317 896 1343 uem
915 1306 1022 1344 iustis
1041 1307 1108 1356 qui

804 1380 887 1406 non
906 1368 1080 1419 indigent
1099 1381 1149 1419 pe

804 1430 1005 1469 nitentiam
1018 1452 1026 1461 -
1045 1453 1095 1460 -

805 1492 910 1531 ⁸Aut
929 1505 1028 1543 quae
1047 1494 1184 1533 mulier

803 1555 952 1594 habens
976 1556 1157 1607 dragmas

803 1643 940 1682 decem
959 1644 991 1683 si
1010 1644 1121 1694 perdi

802 1706 898 1745 derit
920 1719 1040 1745 unam
1082 1719 1165 1745 non

801 1781 852 1807 ne
875 1769 1051 1808 accendit
1070 1769 1177 1808 lucer

800 1843 894 1869 nam
944 1838 982 1870 et
1001 1833 1131 1883 scopis

800 1893 1004 1932 mundabit
1023 1894 1144 1933 domi-1

799 1961 837 1994 et
856 1957 1004 2007 quaerit
1023 1956 1167 2007 diligen

800 2024 858 2056 ter
876 2018 1003 2058 donec
1022 2019 1112 2058 inue

801 2081 882 2119 niat
897 2102 907 2111 ·
937 2082 951 2102 ⁹
964 2081 1017 2120 Et
1036 2093 1126 2120 cum
1144 2081 1185 2119 in

801 2144 953 2183 uenerit
973 2150 1138 2183 couocat

802 2207 949 2246 amicas
969 2214 1006 2246 et
1025 2207 1173 2246 uicinas

802 2269 936 2308 dicens
959 2282 1108 2320 congra

801 2332 975 2370 tulamini
999 2332 1094 2371 mihi

802 2394 910 2445 quod
929 2395 1061 2434 inueni
1082 2395 1178 2446 drag

801 2469 908 2495 mam
927 2470 1047 2508 quarn
1066 2458 1178 2508 perdi

804 2519 844 2558 di
858 2540 867 2550 ·
896 2518 926 2540 ²⁰
939 2520 991 2558 ita
1009 2520 1098 2558 dico
1117 2520 1231 2560 uobis

803 2582 991 2632 gaudium
1012 2582 1081 2620 erit
1101 2594 1150 2620 co

804 2656 889 2682 ram
908 2644 1055 2694 angelis
1075 2643 1114 2681 di

805 2718 921 2756 super
940 2709 1143 2755 peccatore

805 2768 1083 2819 paenitentiam
1102 2767 1153 2806 ha

860 2848 914 2866 »Α
927 2831 1086 2869 bentem
1097 2846 1151 2867 -es

1312 491 1332 514 *
1345 492 1479 530 habuit
1499 493 1597 531 duos
1617 492 1718 531 filios

1312 555 1332 579 *
1345 554 1375 576 ¹2
1386 561 1424 593 et
1443 555 1538 593 dixit
1556 554 1754 593 aduliscen

1341 617 1415 656 tior
1433 617 1587 656 illorum
1607 618 1705 667 patri
1721 639 1730 648 ·

1341 687 1449 730 pater
1468 679 1518 718 da
1536 679 1631 717 mihi
1651 692 1723 730 por

1339 743 1489 781 tionem
1507 743 1744 782 substantiae

1341 817 1441 854 quae
1461 817 1524 843 me
1544 805 1727 856 contigit·

1339 867 1392 905 Et
1411 867 1539 906 diuisit
1558 868 1718 906 substan

1339 929 1434 967 tiam
1449 950 1458 960 ·
1488 928 1517 950 ¹³
1528 935 1566 968 et
1584 942 1665 969 non
1683 936 1773 981 post

1340 992 1482 1030 multos
1497 992 1579 1030 dies
1626 1005 1704 1032 con

1339 1054 1509 1104 gregatis
1528 1055 1709 1093 omnibus
1726 1076 1735 1086 ·

1340 1117 1624 1156 Aduliscentior
1644 1117 1741 1157 filius

1339 1191 1501 1229 peregre
1519 1179 1712 1230 profestus

1339 1249 1397 1280 est
1411 1237 1456 1280 in'
1470 1242 1671 1292 regionem

1338 1304 1596 1355 longinquam
1609 1326 1618 1335 ·
1658 1306 1710 1344 Et
1730 1306 1782 1344 ibi

1340 1367 1541 1417 dissipauit
1559 1369 1721 1407 substan

1313 1430 1315 1433 '
1338 1429 1431 1468 tiam
1451 1442 1563 1468 suam
1581 1430 1698 1468 uiuen

1339 1491 1390 1531 do
1409 1491 1627 1531 luxoriosae
1640 1513 1649 1522 ·

1848 503 1911 528 me
1931 503 2050 542 pereo
2064 512 2073 521 ·
2103 490 2131 512 ²8
2144 497 2259 542 surg}

1847 558 1886 591 et
1904 553 1969 592 ibo
1989 553 2038 591 ad
2058 560 2210 604 patrem

1848 627 1980 653 meum
1999 622 2036 654 et
2056 616 2182 655 dicam
2202 617 2228 655 il

1845 677 1872 716 li
1888 699 1896 708 ·
1939 685 2048 728 pater
2066 680 2227 728 peccaui

1845 740 1884 778 in
1905 741 2056 780 caelum
2075 749 2113 781 et
2133 751 2258 781 cora-

1844 809 1882 842 te
1897 824 1905 833 ·
1934 802 1963 824 1⁹
1975 804 2053 843 iam
2072 817 2154 843 non
2174 817 2261 844 sum

1844 866 1984 916 dignus
2003 869 2135 906 uocari
2154 869 2180 906 fi

1843 928 1916 967 lius
1936 935 2024 967 tuus
2041 950 2049 960 ·
2091 930 2169 969 Fac
2190 943 2254 971 me

1844 991 1941 1029 sicut
1958 1004 2081 1030 unum
2100 1005 2184 1032 mer

1843 1055 2117 1093 cennariorum
2137 1062 2178 1094 tu

1841 1127 1954 1154 orum
1974 1116 2145 1156 {uerum-

1841 1176 1871 1199 ²⁰
1885 1178 1936 1217 Et
1955 1191 2117 1230 surgens
2135 1181 2243 1220 uenit

1843 1240 1893 1279 ad
1912 1249 2059 1291 patrem
2079 1247 2151 1282 susi
2167 1264 2177 1274 ·

1843 1315 1933 1341 cum
1952 1311 2083 1343 autem
2105 1306 2233 1346 adhuc

1842 1366 1960 1416 longe
1979 1374 2074 1406 esset
2096 1369 2192 1407 uidit

1841 1429 1948 1467 illum
1968 1437 2078 1479 pater
2098 1443 2190 1470 suus

1842 1497 1880 1529 et
1900 1492 2098 1531 misericor

1841 1553 1905 1592 dia
1923 1561 2053 1593 motus
2072 1561 2131 1594 est
2146 1577 2155 1587 ·

1338 1640 1368 1663 ¹⁴
1381 1640 1432 1679 Et
1451 1648 1658 1693 postquam
1678 1654 1746 1682 om
1810 1639 1861 1680 Et
1879 1641 2101 1682 Accurrens
2122 1644 2200 1683 ceci

1342 1705 1408 1743 nia
1422 1706 1637 1744 consumsit
1651 1727 1659 1735 -

1345 1768 1446 1807 sacta
1465 1774 1525 1806 est
1543 1767 1655 1806 famis
1676 1780 1727 1807 ua

1343 1830 1420 1869 lida
1439 1843 1508 1880 per
1526 1830 1688 1881 regione

1340 1883 1447 1931 illam
1489 1898 1526 1931 et
1545 1893 1676 1943 coepit

1343 1962 1381 1995 et
1399 1955 1481 2006 ipse
1500 1968 1615 2005 egere
1636 1976 1645 1985 ·

1343 2018 1373 2040 ¹⁵
1384 2019 1436 2057 Et
1456 2019 1549 2057 abiit
1567 2025 1605 2057 et
1623 2017 1796 2058 adiunxit

1339 2094 1380 2120 se
1394 2102 1403 2112 ·
1444 2080 1598 2120 cuidam
1618 2081 1720 2120 ciuifi

1338 2144 1508 2194 regionis
1528 2144 1627 2182 illius
1667 2144 1719 2183 Et

1338 2207 1398 2245 his
1417 2207 1520 2245 misit
1538 2206 1645 2244 illum
1670 2207 1710 2245 in

1338 2269 1428 2308 uilla
1447 2282 1516 2308 sua
1535 2276 1577 2308 ut
1596 2281 1715 2320 pasce

1339 2338 1398 2371 ret
1416 2344 1558 2384 porcos
1575 2353 1583 2362 ·
1613 2331 1641 2353 ¹⁶
1655 2332 1707 2370 Et
1727 2344 1776 2371 cu

1339 2396 1470 2446 piebat
1484 2394 1645 2445 implere

1339 2464 1518 2496 uentrem
1531 2469 1645 2495 suurn

1341 2520 1390 2559 de
1410 2519 1554 2570 siliquis
1574 2531 1672 2570 quas

1340 2582 1450 2632 porci
1467 2582 1662 2620 manduca

1341 2633 1436 2681 bant
1454 2649 1492 2682 et
1506 2655 1625 2682 nemo
1645 2642 1699 2680 illi

1342 2705 1457 2743 dabat
1473 2726 1482 2735 ·
1511 2704 1541 2726 ²⁷
1552 2706 1593 2743 in
1613 2717 1655 2743 se
1673 2707 1762 2742 aute

1341 2779 1519 2806 reuersus
1542 2766 1637 2805 dixit
1656 2778 1762 2817 quan

1341 2830 1369 2868 ti
1389 2829 1644 2868 mercennarii
1663 2829 1782 2879 patris

1695 2903 1772 2930 mei

1845 1704 1899 1743 dit
1918 1716 2034 1755 supra
2057 1707 2201 1745 collum

1843 1766 1925 1805 eius
1945 1774 1983 1806 et
2003 1769 2198 1807 osculatus

1843 1835 1902 1867 est
1919 1830 2048 1884 illum·
2078 1829 2106 1853 2¹
2119 1832 2215 1871 dixit

1844 1899 1974 1931 autem
1997 1894 2031 1932 ei
2051 1894 2148 1933 filius
2165 1915 2175 1925 ·

1841 1961 1951 2005 pater
1969 1957 2132 2006 peccaui
2149 1958 2191 1996 in

1841 2019 1992 2056 caelum
2011 2026 2048 2058 et
2067 2032 2202 2059 coram

1839 2086 1878 2119 te
1906 2082 1985 2119 iam
2004 2095 2084 2121 non
2106 2095 2191 2122 sum

1840 2143 1981 2194 dignus
2000 2146 2133 2184 uocari
2152 2146 2179 2184 fi

1840 2206 1940 2245 filius
1960 2214 2047 2246 tuus
2060 2229 2069 2238 ·

1840 2267 1868 2288 ²²
1880 2269 1987 2308 Dixit
2007 2277 2136 2309 autem
2160 2276 2268 2321 pater

1840 2332 1922 2371 eius
1943 2333 1992 2370 ad
2013 2345 2146 2372 seruos

1842 2406 1934 2434 suos
1974 2395 2049 2434 cito
2073 2408 2144 2446 pro

1840 2456 1933 2495 ferte
1953 2458 2090 2496 stolam
2109 2458 2173 2501 illa

1841 2520 2006 2570 primam
2026 2526 2064 2558 et
2082 2520 2177 2558 indu

1841 2582 1892 2620 ite
1913 2582 2019 2621 illum
2036 2602 2044 2612 ·
2086 2588 2123 2620 et
2142 2582 2229 2621 date

1842 2644 2000 2683 anulum
2019 2644 2059 2682 in
2078 2657 2199 2683 manu

1841 2708 1923 2745 eius
1966 2713 2004 2746 et
2023 2707 2237 2746 calciamen

1840 2775 1880 2808 ta
1898 2769 1939 2808 in
1957 2770 2077 2820 pedes
2090 2789 2100 2801 ·
2129 2767 2158 2792 ²⁸
2170 2775 2208 2808 et
2230 2769 2282 2809 ad

2066 2899 2089 2925 Ο
