2872 3268
0 0 25 121 l

0 116 23 149 ἐ,

0 149 9 237 ξ

0 278 9 307 1„

109 318 193 351 rol.
204 319 280 351 151.
300 309 375 350 hoc
395 311 542 362 pascha
561 311 706 350 mandu

299 202 413 235 xxn.
434 199 578 245 15—47.]

800 310 876 350 hoc
895 310 1064 351 facturus

299 386 386 412 care
410 375 616 413 uobiscum
799 371 828 394 ²⁴
840 374 1000 412 Factum
1022 380 1079 412 est
1098 380 1227 413 autem

297 442 508 487 antequam
528 437 669 476 moriar
685 458 693 466 ·
799 437 998 475 contentio
1017 438 1116 475 inter

295 495 325 519 ¹⁶
335 498 437 538 Dico
457 500 561 538 enim
580 500 692 538 uobis
707 520 716 529 ·
799 499 884 538 illos
905 501 1084 550 quisnam
1103 512 1168 538 ma

292 561 386 612 ,quia
406 574 454 600 ex
474 562 550 600 hoc
573 574 653 600 non
674 569 762 601 man
798 562 855 600 ior
875 574 1011 601 eorum
1030 569 1112 601 est·
1157 562 1186 584 ²⁶
1200 562 1251 600 At

1188 194 1417 235 LUCAN·
2226 204 2302 248 107

1333 312 1386 349 uit
1405 317 1446 349 ut
1464 322 1535 349 uos
1554 309 1707 349 uentilet
1726 309 1757 348 si
1801 308 1822 334 *
1837 309 1865 331 ⁸⁹
1879 308 1930 348 Et
1949 322 2127 360 egressus
2146 311 2226 349 ibat

1333 380 1397 412 cut
1417 373 1579 411 triticum
1597 394 1607 403 ·
1650 371 1679 393 ³²
1692 385 1768 423 ego
1803 372 1823 396 *
1837 372 2052 411 secundum
2072 386 2150 412 con

1333 442 1463 474 autem
1486 436 1619 486 rogaui
1638 448 1709 486 pro
1729 443 1766 474 te
1802 433 1823 456 *
1838 435 2078 473 suetudinem
2099 444 2197 474 sua-

1332 505 1373 536 ut
1392 511 1471 537 non
1491 498 1642 536 deficiat
1663 497 1752 536 fides
1802 495 1877 534 *in
1898 504 2032 536 monte
2053 498 2181 537 oliueti
2198 521 2206 529 ·

1332 566 1397 599 tua
1414 581 1423 590 ·
1463 560 1515 599 Et
1534 567 1575 598 tu
1594 560 1801 610 aliquando
1837 560 1956 598 secuti
1977 568 2066 599 sunt
2085 566 2173 600 aute

2321 314 2401 346 1¹01.
2418 314 2499 347 152.

293 622 448 662 ducabo
469 624 561 662 illud
580 624 705 664 donec

292 685 496 735 impleatur
514 687 555 724 in
573 699 642 736 reg

291 759 345 785 no
366 747 406 786 di
420 769 429 778 ·
445 769 453 778 ·
495 747 580 786 ¹⁷Et
599 761 719 800 accep

291 814 333 847 to
353 809 472 848 calice
491 811 631 860 gratias

291 879 379 921 eget
398 878 437 910 et
455 873 573 911 dixit·
621 874 705 912 acci

289 933 367 984 pite
387 934 463 973 hoc
511 941 549 973 et
568 935 683 974 diuite

290 995 388 1035 inter
407 1009 478 1035 uos
494 1018 503 1027 ·
548 995 577 1018 ¹⁸
589 998 676 1036 dico

289 1059 395 1098 enim
414 1060 528 1098 uobis
575 1060 682 1110 quod

289 1131 372 1160 non
391 1122 523 1160 bibam
545 1123 591 1161 de
611 1136 711 1173 gene

287 1183 435 1222 ratione
454 1185 542 1223 uitis
562 1185 614 1224 do

287 1258 361 1285 nec
379 1259 544 1297 regnum
564 1248 604 1286 di
622 1261 671 1287 ue

287 1309 368 1348 niat
381 1330 390 1339 ·
434 1308 463 1330 ¹⁹
471 1316 509 1348 et
528 1318 685 1361 accepto
704 1324 755 1363 pa

286 1383 336 1410 ne
355 1371 496 1422 gratias
517 1374 595 1424 egit
614 1380 652 1412 et

284 1432 397 1483 fregit
412 1454 421 1464 ·
465 1441 503 1473 et
522 1435 627 1474 dedit
646 1436 670 1474 il

283 1495 329 1535 lis
348 1495 482 1535 dicens
498 1518 507 1527 ·
552 1497 626 1537 hoc
646 1505 704 1538 est

283 1570 427 1610 corpus
446 1572 578 1598 meum

283 1645 391 1696 quod
411 1658 483 1696 pro
502 1647 615 1686 uobis
632 1647 743 1687 datur

281 1707 358 1747 hoc
379 1708 491 1747 facite
511 1709 561 1747 ad
581 1722 710 1748 meam

281 1773 660 1811 commemoratione
675 1795 704 1801 -

281 1832 312 1854 ²⁰
325 1832 506 1875 Similiter
525 1841 563 1873 et
589 1835 750 1874 calicem

280 1892 371 1946 post
389 1908 530 1935 cenam
550 1897 684 1935 dicens
700 1918 709 1928 ·

280 1957 343 1997 hic
362 1959 539 2010 est·calix
560 1964 668 1998 noufi

282 2026 556 2060 testamentum

278 2082 320 2120 in
341 2084 530 2134 sanguine
550 2097 641 2123 meo

281 2144 389 2196 quod
408 2158 479 2195 pro
498 2147 611 2186 uobis
630 2147 674 2185 ef

278 2206 458 2246 fundetur
475 2229 484 2238 ·
527 2207 555 2229 ²¹
569 2210 724 2248 Tamen

279 2281 373 2308 ecce
393 2283 532 2310 manus
551 2272 686 2310 traden

278 2332 327 2370 tis
345 2344 502 2372 mecum
521 2334 562 2372 in
581 2347 717 2374 mensa
733 2356 742 2365 ·

279 2399 370 2440 5‘²Et
388 2403 546 2452 quidem
567 2404 666 2442 filius
686 2404 738 2444 ho

280 2464 398 2503 minis
419 2466 635 2504 secundum

278 2526 386 2576 quod
406 2528 590 2578 scriptum
609 2535 666 2567 est
685 2544 687 2547 ’

277 2587 383 2625 uadit
399 2608 408 2618 ·
453 2601 590 2628 uerum

264 2651 410 2687 'tamen
429 2662 502 2689 uae
522 2651 573 2689 illi

277 2710 427 2749 homini
446 2725 515 2762 per

278 2785 397 2824 quem
417 2775 574 2813 traditur
589 2796 598 2805 ·

797 624 879 675 ipse
899 624 994 663 dixit
1013 625 1068 664 eis
1081 646 1090 655 ·
1130 637 1171 663 re

796 698 864 737 ges
882 688 1056 736 gentium
1075 707 1078 711 ·

796 749 1043 787 dominantur
1063 762 1111 788 eo

794 823 881 849 rum
936 818 974 850 et
993 813 1057 861 qui
1077 819 1188 863 potes

795 880 913 911 tatem
933 881 1114 912 exercent

795 935 835 973 in
854 936 909 974 eis
929 936 1118 975 beneficio

794 1010 880 1036 rum
899 998 1099 1048 largitores
1119 998 1158 1036 di

793 1068 930 1099 cuntur
946 1081 955 1090 ·
998 1059 1027 1082 ²⁸
1040 1074 1110 1099 uos
1131 1065 1218 1100 aute

793 1135 873 1161 non
893 1123 944 1161 ita
960 1145 969 1153 ·
985 1145 993 1153 ·
1039 1124 1106 1162 sed
1125 1125 1191 1174 qui

791 1186 915 1224 maior
934 1192 992 1224 est
1012 1187 1051 1224 in
1073 1188 1183 1225 uobis

790 1248 974 1287 efficiatur
994 1256 1035 1287 ut
1053 1262 1076 1287 a

791 1310 1037 1349 duliscentior
1053 1332 1061 1341 ·

790 1379 827 1411 et
847 1374 912 1423 qui
934 1380 1060 1423 preest
1077 1395 1086 1403 ·
1130 1380 1171 1412 ut

787 1436 852 1485 qui
871 1436 1059 1475 ministrat
1073 1458 1128 1465 —

786 1495 916 1545 2⁷Quis
927 1499 1031 1536 enim
1043 1498 1166 1538 maior
1178 1506 1234 1538 est
1244 1521 1252 1529 ·

788 1561 854 1610 qui
873 1562 1060 1599 recumbit
1077 1582 1085 1591 ·
1135 1569 1200 1600 aut

788 1649 854 1698 qui
873 1649 1063 1687 ministrat
1076 1669 1084 1679 ·
1129 1662 1209 1688 non

787 1723 836 1749 ne
857 1711 922 1761 qui
942 1712 1131 1750 recumbit
1149 1733 1157 1741 -

786 1772 875 1823 Ego
894 1779 1024 1811 autem
1040 1786 1125 1811 sum
1141 1774 1179 1812 in
1191 1787 1254 1813 me

788 1836 852 1874 dio
872 1843 1045 1874 uestrum
1066 1837 1164 1875 sicut

786 1898 853 1947 qui
876 1899 1063 1936 ministrat
1080 1920 1088 1928 ·

785 1959 812 1981 ²⁸
826 1959 911 1999 Uos
931 1968 1059 1999 autem
1079 1961 1168 2000 estis
1188 1963 1253 2012 qui

786 2024 1048 2073 permansistis
1067 2036 1131 2062 me

786 2099 877 2125 cum
896 2087 935 2124 in
955 2086 1171 2124 temtationi

785 2149 859 2187 bus
874 2148 970 2187 meis
987 2169 996 2178 ·
1012 2146 1096 2186 ²⁹Et
1107 2160 1181 2198 ego
1194 2148 1252 2187 dis

787 2223 893 2262 pono
912 2211 1026 2250 uobis
1046 2212 1144 2250 sicut

787 2274 974 2325 disposuit
994 2279 1101 2324 pater
1120 2286 1183 2312 me

784 2350 830 2376 us
845 2348 1009 2387 regnum
1023 2357 1031 2367 ·
1061 2336 1091 2357 ³⁰
1103 2342 1143 2374 ut
1155 2336 1250 2375 aeda

786 2400 833 2438 tis
853 2406 890 2438 et
909 2399 1046 2437 bibatis
1065 2399 1105 2437 in
1120 2412 1218 2437 mea

784 2475 872 2501 mea
890 2474 1027 2500 mensa
1045 2468 1083 2500 et
1101 2462 1141 2500 in

784 2537 907 2574 regno
926 2537 1016 2563 meo
1033 2545 1042 2554 ·
1072 2524 1123 2562 Et
1143 2524 1235 2563 sede

782 2587 871 2626 bitis
890 2587 931 2624 in
950 2585 1159 2624 duodecim

783 2649 940 2687 sedibus
959 2647 1171 2686 iudicantes

784 2710 990 2750 duodecim
1010 2710 1129 2748 tribus

782 2773 830 2811 ist
844 2794 853 2803 ·
871 2794 878 2803 ·
895 2793 904 2802 ·
931 2771 959 2792 ⁸¹
972 2772 1038 2809 Ait
1058 2778 1189 2810 autem

277 2832 305 2855 ²³
316 2835 369 2874 Et
383 2836 456 2887 ipsi
469 2837 748 2888 conquirebant
783 2836 856 2875 dr‘is
873 2856 882 2865 ·
925 2835 1054 2872 simon
1073 2834 1230 2872 simon-

277 2896 376 2938 inter
394 2911 435 2938 se
455 2900 541 2951 quis
559 2906 661 2939 esset

781 2910 872 2937 ecce
893 2903 1045 2936 satanas
1063 2896 1192 2946 expeti

1332 623 1520 662 confirma
1538 623 1672 661 fratres

1331 691 1417 724 tuos
1433 706 1441 715 ·
1481 685 1532 724 Et
1551 692 1684 736 rogate
1704 697 1753 723 ne

1330 748 1474 786 intretis
1494 748 1533 786 in
1557 748 1732 798 temptati

1329 822 1468 848 onem·
1487 831 1496 840 ·
1515 832 1523 840 ·
1541 810 1570 831 ³³
1582 811 1688 848 Dixit
1707 814 1795 849 aute

1329 873 1362 910 ei
1381 879 1510 922 petrus
1531 873 1606 911 dfie
1626 877 1715 911 tecfi

1328 941 1482 984 paratus
1502 947 1588 974 sum
1609 942 1646 974 et
1665 936 1705 974 in

1329 1009 1483 1036 carcere
1503 1005 1542 1036 et
1560 998 1600 1035 in
1620 1004 1742 1037 morte
1757 1019 1766 1028 ·

1327 1059 1412 1097 34Et
1426 1060 1486 1098 ille
1501 1061 1594 1099 dixit
1631 1061 1717 1099 dico
1730 1061 1796 1099 tibi

1328 1129 1458 1171 petrae
1476 1143 1484 1152 ·
1527 1135 1607 1161 non
1627 1124 1797 1162 cantabit

1328 1184 1442 1223 hodie
1461 1185 1585 1235 gallus
1605 1185 1729 1225 donec

1328 1253 1384 1284 ter
1403 1248 1573 1301 abneges
1592 1261 1708 1287 nosse

1282 1354 1288 1359 ,
1327 1321 1390 1348 me
1408 1330 1416 1340 ·
1460 1309 1545 1347 8⁵Et
1564 1310 1660 1349 dixit
1679 1311 1734 1349 eis

1326 1372 1484 1421 quando
1505 1373 1589 1410 misi
1608 1386 1680 1412 uos
1700 1374 1782 1412 sine

1326 1434 1481 1473 sacculo
1500 1442 1537 1473 et
1556 1448 1648 1486 pera
1666 1442 1705 1474 et

1324 1497 1577 1536 calciamentis
1618 1511 1713 1536 num
1742 1493 1750 1502 ”

1326 1559 1416 1610 quid
1437 1560 1577 1611 aliquid
1598 1561 1717 1599 defuit

1325 1647 1437 1685 uobis
1456 1668 1464 1677 ·
1504 1654 1543 1686 at
1562 1648 1611 1686 illi
1631 1648 1718 1688 dixe

1325 1716 1415 1747 runt
1434 1710 1526 1748 nihil
1567 1711 1596 1731 ³⁶
1607 1711 1699 1750 dicit

1328 1783 1423 1821 ergo
1443 1773 1498 1811 eis
1514 1794 1523 1803 ·
1571 1773 1649 1812 Sed
1670 1787 1774 1814 nunc

1326 1835 1391 1884 qui
1411 1834 1528 1873 habet
1548 1837 1704 1875 saccult‘l

1325 1897 1432 1935 tollat
1452 1898 1522 1935 sibi
1543 1911 1745 1948 peram-—

1322 1965 1359 1997 et
1379 1960 1443 2010 qui
1463 1972 1545 1999 non
1566 1961 1682 2000 habet

1322 2022 1467 2060 uendat
1487 2024 1658 2062 tunicam

1323 2096 1433 2122 suam
1453 2092 1490 2124 et
1509 2093 1613 2124 emat

1321 2147 1493 2197 gladium
1510 2169 1519 2178 ·
1564 2148 1592 2170 ³⁷
1604 2149 1691 2188 dico

1321 2210 1425 2248 enim
1444 2211 1555 2249 uobis
1575 2216 1671 2264 qum

1319 2272 1446 2311 adhuc
1466 2273 1540 2312 hoc
1561 2273 1667 2325 quod

1321 2336 1506 2386 scriptum
1526 2347 1584 2375 est

1320 2406 1471 2448 oportet
1490 2399 1639 2450 impleri

1320 2461 1359 2498 in
1379 2474 1443 2500 me
1457 2483 1466 2492 ·
1510 2469 1548 2500 et
1568 2475 1657 2501 cum
1676 2462 1728 2500 ini

1320 2524 1407 2574 quis
1428 2524 1633 2575 deputatus
1655 2532 1714 2563 est
1730 2545 1738 2554 ·

1318 2598 1422 2625 nunc
1437 2599 1535 2637 quae
1551 2587 1598 2625 de
1611 2599 1673 2625 me
1686 2587 1785 2637 scrip

1318 2654 1357 2686 ta
1378 2656 1466 2686 sunt
1485 2650 1603 2687 finem
1626 2649 1678 2687 ha

1319 2710 1428 2748 bent·
1459 2710 1533 2749 3‘³at
1546 2711 1597 2748 illi
1610 2711 1786 2749 dixerunt

1318 2772 1352 2809 ei
1372 2772 1448 2809 dfie
1465 2793 1474 2802 ·
1517 2785 1609 2811 ecce
1629 2774 1748 2823 gladii

1317 2833 1379 2872 hic
1400 2834 1477 2873 duo
1493 2855 1502 2864 ·
1542 2836 1608 2885 qui
1627 2839 1733 2885 aute-2¹

1318 2896 1411 2935 dixit
1429 2897 1483 2936 eis
1503 2898 1592 2936 satis
1607 2904 1664 2937 est
1677 2919 1686 2928 -
1704 2919 1712 2929 ·
1729 2916 1783 2932 m

1835 621 1941 660 illum
1961 629 2000 660 et
2019 623 2167 674 discipu

1834 683 1859 721 li
1876 705 1885 714 ·
1929 684 1959 705 ⁴⁰
1970 692 2008 723 et
2027 698 2117 723 cum
2136 699 2255 737 perue

1834 746 1953 785 nisset
1975 748 2014 785 in
2034 748 2166 787 locum

1831 809 1924 847 dixit
1942 810 2011 848 illis
2031 817 2138 849 orate

1831 883 1880 909 ne
1899 872 2044 911 intretis
2063 873 2103 911 in
2122 880 2201 911 tem

1831 935 2018 972 tationem
2034 957 2041 965 ·
2059 957 2068 966 ·
2086 957 2094 966 ·
2130 935 2159 957 ⁴¹
2172 943 2210 975 et
2230 937 2269 988 ip

1831 1008 1871 1034 se
1891 998 2050 1036 auulsus
2070 1005 2128 1037 est
2148 1000 2198 1037 ab

1830 1059 1884 1097 eis
1904 1067 2092 1109 quantum
2111 1061 2171 1100 iac

1830 1127 1912 1159 turn
1932 1122 2071 1172 lapidis
2085 1145 2094 1154 ·
2137 1124 2190 1162 Et

1829 1184 1964 1234 positis
1987 1186 2151 1235 genibus

1828 1247 1964 1284 orabat
2018 1245 2048 1267 ⁴²
2059 1248 2192 1288 dicens

1828 1308 1942 1347 Pater
1962 1309 1992 1348 si
2012 1311 2071 1349 uis
2092 1318 2196 1350 trans

1828 1370 1883 1408 fer
1903 1372 2062 1410 calicem
2082 1373 2186 1412 hunc

1825 1444 1849 1470 a
1868 1445 1930 1471 me
1970 1446 2104 1473 uerum
2165 1474 2175 1479 ,

1793 1488 1799 1495 ’
1828 1507 1909 1532 non
1929 1508 2015 1535 mea
2034 1498 2214 1538 uoluntas

1828 1558 1895 1596 sed
1914 1564 1979 1597 tua
1998 1560 2064 1598 fiat
2077 1581 2086 1591 ν
2104 1581 2113 1591 ·

1827 1645 1855 1667 ⁴³
1868 1647 1991 1696 paruit
2011 1654 2141 1687 autem
2162 1648 2213 1687 illi
2234 1662 2285 1687 an

1826 1708 1935 1758 gelus
1956 1709 2003 1747 de
2023 1711 2108 1749 celo
2130 1724 2207 1750 con

1828 1770 1974 1809 fortans
1993 1772 2099 1810 illurn
2115 1794 2124 1803 ·
2167 1774 2219 1812 Et

1827 1832 1949 1871 factus
1967 1840 2024 1872 est
2042 1835 2081 1872 in
2101 1836 2243 1886 agonia

1825 1896 2010 1945 prolixius
2031 1898 2166 1936 orabat
2184 1921 2240 1928 —-

1825 1957 1853 1978 ⁴⁴
1866 1965 1903 1996 et
1923 1958 2046 1997 factus
2065 1966 2123 1998 est
2144 1960 2262 2000 sudor

1823 2020 1904 2059 eius
1924 2021 2021 2059 sicut
2039 2028 2169 2072 guttae

1825 2084 2020 2133 sanguinis
2041 2085 2160 2123 decur

1823 2158 1912 2183 rens
1931 2147 1970 2184 in
1990 2153 2132 2185 terram
2145 2168 2154 2178 ·

1822 2206 1852 2229 ⁴⁵
1864 2208 1913 2246 Et
1932 2221 2022 2247 cum
2043 2210 2265 2249 surrexisset

1746 2309 1755 2319 e
1823 2272 1872 2309 ab
1892 2271 2065 2310 oratione
2084 2279 2122 2310 et
2140 2285 2188 2311 ue

1824 2334 1942 2372 nisset
1961 2335 2011 2372 ad
2031 2335 2182 2385 discipu

1822 2396 1881 2435 los
1901 2409 1991 2435 suos
2040 2403 2077 2434 et
2095 2398 2244 2436 inuenit

1821 2459 1908 2497 illos
1929 2459 2163 2498 dormientes

1821 2533 1888 2571 pre
1904 2521 2049 2560 tristitia
2090 2523 2119 2544 ⁴⁶
2130 2529 2167 2561 et
2187 2523 2241 2562 ait

1821 2583 1893 2621 illis
1909 2605 1917 2613 ·
1959 2585 2051 2634 quid
2071 2585 2269 2635 dormitis·

1822 2646 1963 2695 surgite
1983 2654 2020 2685 et
2040 2654 2147 2686 orate

1820 2714 1861 2746 ut
1881 2721 1929 2747 ne
1950 2709 2095 2747 intretis
2114 2710 2153 2748 in
2173 2714 2210 2749 te

1819 2770 2025 2809 tationem·
2087 2772 2258 2812 4⁷Adhuc

1818 2831 1882 2871 illo
1901 2832 2081 2884 loquente
2099 2846 2191 2874 ecce

1818 2896 1928 2934 turba
1943 2915 1952 2926 ·
1999 2903 2037 2934 et
2056 2897 2123 2947 qui
2141 2898 2287 2938 u⁰caba

2002 2979 2066 3006 1³2
