2872 3268
96 303 180 336 Fol-
191 304 253 337 56.

283 192 540 236 XX1.21-43.]

283 300 371 340 (1100
391 300 504 339 uobis
517 321 526 330 ·
557 299 588 338 si
608 311 632 337 a

283 363 443 402 bueritis
462 361 579 401 fidem
593 382 602 392 ·

283 432 322 464 et
341 438 423 465 non
441 425 615 463 hesitaue

282 488 364 527 ritis
379 508 389 517 ·
419 499 499 526 non
519 486 603 526 soli‘r

284 549 332 588 de
351 549 518 588 ficulnea
537 547 612 586 faci

283 612 354 650 etis
370 632 379 641 ·
411 610 488 649 Sed
508 617 547 649 et
567 610 598 648 si

282 674 408 713 monti
427 673 516 712 huic
537 672 604 711 dix

284 735 406 774 seritis
424 735 512 774 tolle
532 740 571 773 et

282 797 384 836 iacta
403 803 439 836 te
459 797 499 834 in
519 808 625 835 mare

283 859 350 898 fiet
365 879 374 889 ·
415 857 495 898 53²Et
514 858 646 898 omnia

283 933 551 972 quaecumque
570 933 620 971 pe

281 984 416 1023 tieritis
435 984 475 1021 in
490 983 588 1022 orati

283 1058 358 1086 one
381 1045 584 1084 credentes

283 1108 480 1158 accipietis
495 1128 505 1138 ·

1126 178 1462 225 MATTHEU-

787 282 992 337 crediditis
1014 297 1091 336 iui-

785 359 815 382 ²⁶
829 360 868 398 Si
888 367 1018 399 autem
1037 360 1160 399 dixeri

786 435 875 461 mus
894 436 942 462 ex
961 423 1154 462 110111111111(1
1165 442 1175 452 ·

786 486 968 524 timemus
987 486 1099 524 turba
1113 506 1122 515 ·

789 546 940 586 Omnes
959 547 1062 586 enim
1083 546 1183 585 habe

787 610 882 648 bant
901 609 1111 649 iohannem

787 672 888 711 sicut
905 671 1093 722 profetam
1110 692 1119 702 ·

788 734 818 757 ²⁷
829 734 881 773 Et
898 734 1180 785 respondentes

788 796 854 835 ihu
873 797 1052 836 dixerunt

788 860 983 898 nescimus
999 880 1009 891 ·
1037 866 1076 899 et
1094 860 1134 910 ip

788 934 829 961 se
849 922 900 960 ait
916 922 988 961 illis
1001 943 1010 952 ·

787 997 861 1024 nec
881 997 959 1036 ego
978 986 1094 1024 uobis
1115 985 1153 1023 di

788 1060 837 1086 co
857 1048 896 1086 in
916 1060 995 1098 qua
1013 1054 1166 1098 potesta

787 1117 825 1149 te
845 1111 943 1149 haec
964 1110 1064 1149 facio
1078 1127 1146 1144 --t

283 1169 375 1210 2²3Et:
393 1183 485 1209 cum
504 1170 675 1209 uenisset
694 1169 734 1207 in
755 1172 775 1194 *
789 1172 817 1194 ²⁸
831 1173 939 1222 Quid
958 1180 1086 1212 autem
1105 1185 1157 1212 uo

283 1233 470 1283 templum
483 1253 493 1263 ·
527 1244 643 1271 acces

283 1290 415 1335 serunt
428 1295 479 1333 ad
498 1306 588 1333 eum

283 1358 489 1398 docentem
504 1378 514 1388 ·
544 1355 630 1408 prin

283 1421 390 1471 cipes
409 1419 572 1458 sacerdo

284 1489 365 1521 tum
385 1489 423 1520 et
442 1482 612 1520 seniores

283 1545 420 1596 populi
438 1544 607 1583 dicentes
623 1564 632 1573 ·

284 1634 325 1672 in
345 1646 422 1684 qua
441 1640 630 1684 potestate

284 1696 382 1735 haec
401 1696 494 1734 facis
510 1717 520 1726 ·
549 1702 588 1734 et
607 1696 692 1745 quis

283 1758 350 1796 tibi
370 1758 476 1796 dedit
494 1757 596 1796 hanc
617 1770 670 1808 po

282 1827 461 1875 testatem
475 1841 484 1851 ·
500 1842 509 1851 -
554 1818 583 1842 2⁴
597 1819 678 1859 Res

283 1883 462 1934 pondens
482 1889 612 1921 autem

283 1945 343 1983 ihs
362 1945 457 1983 dixit
476 1945 547 1983 illis
563 1965 572 1975 ·
602 1946 643 1983 in

282 2008 491 2057 terrogabo
510 2019 583 2046 uos

283 2076 322 2108 et
339 2081 415 2120 ego
433 2070 597 2109 uerbum

282 2143 405 2170 unum
463 2133 570 2182 quod
593 2131 626 2171 si

282 2194 450 2233 dixeritis
469 2194 564 2232 mihi
578 2215 587 2225 ·

281 2262 320 2295 et
337 2269 412 2307 ego
431 2257 544 2296 uobis

282 2318 372 2358 dico
419 2319 460 2358 in
479 2331 557 2370 qua
575 2325 687 2370 potes

282 2387 360 2420 tate
379 2381 475 2421 haec
495 2382 597 2421 facio
615 2402 624 2413 ·

281 2443 312 2465 ²⁵
323 2443 525 2495 Baptisma
543 2442 725 2484 iohannis

228 2560 230 2562 q
282 2506 387 2545 unde
407 2513 513 2545 erat·
544 2507 593 2546 de
613 2519 659 2546 ce

282 2567 322 2606 lo
368 2579 420 2606 an
439 2580 489 2607 ex
508 2568 657 2607 homini

282 2630 356 2668 bus
373 2651 382 2660 ·
411 2630 464 2668 At
483 2630 535 2668 illi
555 2632 644 2681 cogi

282 2692 418 2731 tabant
436 2692 534 2731 inter
553 2705 594 2732 se
614 2693 654 2731 di

284 2760 417 2793 centes
431 2774 440 2784 ·
472 2753 513 2792 Si
534 2754 656 2793 dixeri

283 2828 372 2855 mus
390 2816 439 2855 de
459 2816 543 2855 celo
564 2817 667 2856 dicet

283 2879 397 2918 nobis
413 2891 530 2930 quare
551 2891 632 2918 non

755 1235 775 1257 *
788 1237 845 1275 bis
864 1237 1015 1275 uidetur
1029 1257 1094 1266 ·-

755 1298 775 1320 *
789 1299 909 1338 homo
929 1298 1087 1349 quidam
1107 1297 1157 1337 ha

756 1361 775 1382 *
789 1362 906 1400 bebat
926 1362 1023 1400 duos
1043 1360 1095 1398 fili

756 1423 775 1446 *
790 1437 835 1464 os
848 1446 856 1454 ·
886 1431 924 1464 et
944 1423 1137 1463 accedens

788 1487 838 1526 ad
857 1487 1026 1538 primum
1045 1485 1139 1524 dixit

787 1637 859 1675 Fili
877 1637 978 1676 uade
998 1637 1086 1677 odie
1106 1649 1182 1688 ope

786 1711 870 1738 rare
890 1700 930 1737 in
949 1699 1105 1739 uineam
1118 1721 1126 1729 ·

787 1760 815 1783 ²⁹
829 1761 891 1801 1110
910 1768 1039 1801 autem
1059 1774 1202 1812 respon

787 1823 885 1863 dens
905 1824 956 1862 ait
974 1823 1066 1863 nolo
1079 1845 1087 1854 ·

787 1886 927 1926 Postea
946 1893 1075 1925 autem
1096 1899 1170 1938 pae

787 1949 947 1988 nitentia
965 1956 1095 1988 motus

787 2011 899 2049 abiit·
934 2010 964 2032 ³⁰
975 2010 1026 2049 Et
1046 2011 1237 2050 accedens

787 2073 837 2112 ad
857 2073 1019 2112 alterum
1039 2074 1135 2112 dixit

788 2136 958 2174 similiter
971 2157 981 2166 ·
1015 2136 1068 2174 At
1087 2136 1148 2175 ille

787 2198 1029 2249 respondens
1050 2199 1100 2237 ait
1113 2219 1122 2229 ·

788 2273 837 2300 eo
857 2261 937 2300 dno
951 2282 971 2314 '.
990 2267 1029 2300 et
1047 2273 1129 2300 non
1147 2260 1210 2299 iit·

788 2322 815 2345 ³¹
829 2323 928 2372 Quis
948 2336 997 2362 ex
1018 2323 1170 2363 duobus
1189 2322 1226 2362 fe

788 2386 839 2425 cit
857 2385 1102 2425 uoluntatem

787 2448 906 2499 patris
922 2469 932 2478 ·
962 2448 1095 2487 dicunt

787 2511 822 2549 ei
838 2531 846 2540 ·
877 2510 1023 2561 primus
1040 2531 1049 2540 ·
1080 2509 1171 2549 dicit

786 2572 857 2611 illis
876 2572 937 2612 ihs
950 2592 960 2602 ·
989 2572 1120 2610 Amen
1141 2572 1180 2610 di

788 2647 836 2674 co
855 2635 988 2673 uobis·
1019 2634 1127 2684 quod

787 2696 986 2747 puplicani
1005 2701 1044 2734 et
1063 2707 1126 2734 me

787 2758 944 2796 retrices
963 2769 1079 2807 prece

789 2819 885 2858 dunt
903 2831 975 2857 uos
994 2819 1034 2856 in
1053 2831 1122 2870 reg

1327 309 1380 336 no
1400 296 1439 335 di
1454 317 1462 327 ·
1493 294 1521 317 ⁸²
1533 295 1653 335 Uenit
1670 301 1735 335 eni

1329 359 1379 397 ad
1398 370 1470 398 uos
1490 359 1679 397 iohannes
1692 379 1702 388 ·

1326 421 1367 458 in
1386 421 1449 459 uia
1467 421 1630 460 iustitiae
1647 441 1656 451 ·

1326 488 1365 521 et
1384 495 1465 521 non
1483 483 1649 522 credidis

1327 545 1373 583 tis
1392 545 1468 583 illi·
1498 545 1654 596 puplica

1327 608 1366 646 ni
1385 614 1517 646 autem
1535 614 1573 646 et
1592 620 1654 647 me

1325 670 1480 708 retrices
1500 670 1604 709 credi

1327 732 1465 770 derunt
1483 732 1543 771 ei·
1572 732 1658 772 Uos

1325 801 1455 834 autem
1475 795 1652 834 uidentes

1326 870 1399 896 nec
1419 859 1667 908 penitentiam

1325 921 1457 971 egistis
1477 926 1614 971 postea

1327 982 1496 1021 crederei
1510 1004 1520 1013 ·
1538 1005 1547 1013 ·

1325 1043 1355 1066 ³³
1366 1045 1494 1083 Aliam
1515 1046 1742 1096 parabolam

1325 1107 1452 1146 audite
1466 1128 1475 1138 ·
1506 1107 1626 1147 homo

1326 1176 1409 1208 erat
1427 1176 1535 1220 pater
1554 1171 1645 1209 fami

1326 1233 1394 1271 lias
1414 1233 1480 1283 qui
1499 1233 1631 1283 planta

1326 1296 1381 1334 uit
1394 1296 1548 1334 uineam
1594 1302 1631 1334 et
1651 1307 1692 1335 se

1326 1371 1375 1410 pe
1397 1357 1649 1397 circumdedit

1327 1421 1385 1459 ei·
1415 1427 1453 1459 et
1472 1419 1567 1459 fodit
1585 1420 1625 1458 in
1645 1433 1691 1460 ea

1326 1483 1494 1522 torcular
1506 1503 1515 1512 ·
1545 1488 1582 1521 et
1600 1483 1663 1522 edi

1326 1633 1456 1672 ficauit
1475 1640 1618 1674 turrem
1632 1656 1642 1665 ·

1325 1703 1364 1735 et
1384 1697 1526 1736 locauit
1545 1710 1633 1736 eam
1653 1697 1742 1738 colo

1325 1759 1385 1797 nis
1432 1766 1470 1798 et
1489 1772 1650 1811 peregre

1325 1822 1522 1872 profectus
1542 1829 1602 1862 est
1617 1843 1626 1853 ·

1325 1884 1354 1905 ³4
1367 1884 1469 1923 Cum
1487 1891 1616 1923 autem
1636 1884 1760 1936 adpro

1325 1947 1469 1996 piasset
1487 1953 1640 1998 tempus

1325 2008 1518 2047 fructuum
1533 2030 1541 2039 ·
1571 2009 1674 2047 misit

1326 2083 1459 2111 seruos
1478 2083 1569 2110 suos
1589 2072 1639 2110 ad
1660 2084 1709 2111 co

1325 2133 1459 2172 Ionos·
1489 2139 1532 2172 ut
1550 2134 1684 2184 accipe

1325 2201 1383 2234 ret
1402 2195 1449 2234 de
1468 2195 1654 2234 fructibus

1326 2258 1406 2296 suis
1420 2279 1429 2288 ·
1473 2257 1503 2279 ³¹⁵
1514 2264 1551 2296 et
1570 2258 1700 2297 coloni

1326 2320 1603 2371 adpraehensis
1622 2333 1683 2359 ser

1326 2383 1384 2421 uis
1400 2403 1410 2414 ·
1439 2395 1563 2422 unum
1583 2383 1666 2422 ceci

1325 2446 1464 2485 derunt
1477 2467 1486 2476 ·
1516 2446 1637 2484 aliurn

1325 2508 1594 2559 lapidauerunt
1609 2530 1618 2539 ·

1326 2572 1444 2610 alium
1466 2583 1561 2610 uero
1581 2571 1718 2610 occide

1324 2640 1413 2672 runt
1429 2655 1438 2664 ·
1478 2634 1506 2655 ³⁶
1517 2634 1663 2673 Iterum

1325 2697 1428 2735 misit
1447 2696 1543 2735 alios
1561 2697 1692 2747 plures

1325 2758 1515 2809 prioribus
1529 2779 1539 2789 ·
1568 2765 1606 2797 et
1624 2759 1661 2797 fe

1328 2826 1462 2859 cerunt
1480 2820 1551 2859 illis
1571 2821 1742 2861 similiter

2239 197 2294 239 29

1829 296 1858 318 ³⁷
1871 295 2094 337 Nouissime
2114 305 2244 338 autem
2315 308 2397 340 Ful.
2414 308 2475 342 6⁷.

1829 359 1932 397 misit
1950 360 2001 398 ad
2019 360 2106 399 illos
2125 362 2177 399 fili

1829 433 1896 459 um
1916 433 2030 460 suum
2049 423 2180 462 dicens
2193 445 2203 454 -

1829 485 2064 523 uerebuntur
2084 485 2136 523 fili

1828 558 1896 583 um
1915 558 2047 585 meum
2063 568 2072 577 ·
2102 547 2130 569 ³⁸
2145 547 2246 587 Colo

1829 608 1868 646 ni
1888 614 2016 647 autem
2035 610 2151 649 uiden

1828 677 1886 710 tes
1905 671 2026 710 filium
2045 672 2135 712 dixe

1828 740 1916 771 runt
1935 734 2034 772 intra
2052 746 2094 774 se

1829 794 1907 834 Hic
1928 803 1986 835 est
2005 796 2136 836 heres·
2176 810 2225 837 ue

1828 858 1906 897 nite
1926 859 2149 899 occidamus

1827 933 1918 960 eum
1935 942 1944 952 ·
1973 928 2011 960 et
2029 923 2161 972 optine

1828 996 1939 1023 amus
1958 984 2166 1024 hereditate

1827 1047 1908 1086 eius
1925 1068 1933 1078 ·
1963 1047 1991 1069 ⁸⁹
2003 1054 2041 1086 et
2061 1049 2203 1099 adprae

1828 1109 1992 1148 hensum
2011 1122 2101 1149 eum
2119 1111 2178 1150 eie

1827 1178 1961 1211 cerunt
1979 1180 2086 1212 extra
2104 1174 2144 1212 ui

1826 1246 1940 1272 neam
1959 1241 1997 1273 et
2014 1235 2152 1274 occide

1827 1303 1988 1335 runt·-·
2032 1292 2238 1337 ⁴⁰Cum'er

1827 1371 1879 1410 go
1898 1360 2028 1398 ueneri
2047 1360 2120 1399 dfis
2138 1361 2178 1399 ui

1826 1414 1923 1461 neae
1969 1422 2063 1472 quid
2080 1422 2192 1461 faciet

1827 1484 1977 1524 colonis
1996 1485 2067 1523 illis
2080 1505 2090 1515 ·
2119 1485 2148 1506 ⁴1
2159 1486 2267 1524 aiunt

1827 1629 1877 1668 illi
1896 1630 2021 1670 malos
2040 1631 2141 1670 male

1826 1692 1982 1742 perdet·
2012 1700 2049 1732 et
2067 1694 2215 1733 uinea-

1824 1756 1967 1794 locauit
1981 1755 2062 1796 aliis
2082 1757 2169 1795 colo

1825 1818 1884 1856 nis
1904 1818 1970 1867 qui
1988 1819 2152 1857 reddent

1824 1881 1859 1919 ei
1879 1880 2044 1919 fructum
2064 1887 2143 1920 tem

1825 1943 1982 1993 poribus
2001 1943 2080 1982 suis
2093 1965 2159 1974 -—

1825 2003 1855 2028 ⁴²
1867 2004 1970 2043 Dicit
1988 2005 2059 2043 illis
2080 2006 2141 2044 ihs
2155 2027 2165 2037 ·
2195 2018 2291 2044 num

1826 2081 1944 2120 quam
1963 2068 2104 2118 legistis
2122 2069 2163 2106 in

1826 2132 2022 2182 scripturis
2067 2131 2145 2182 lapi

1828 2195 1918 2234 dem
1935 2206 2052 2244 quem
2070 2206 2184 2244 repro

1826 2258 2015 2296 bauerunt
2032 2257 2145 2296 aedifi

1828 2327 1961 2359 cantes
1980 2320 2041 2358 hic
2061 2319 2184 2358 factus

1828 2390 1885 2422 est
1903 2383 1943 2420 in
1962 2382 2089 2433 capud
2111 2394 2218 2431 angu

1827 2445 1875 2483 li·
1905 2458 1928 2484 a
1948 2445 2026 2484 dno
2044 2444 2165 2483 faetus
2185 2450 2244 2483 est

1827 2508 1896 2547 iste
1913 2529 1921 2538 ·
1957 2514 1995 2546 et
2012 2513 2071 2546 est
2088 2507 2184 2545 mira

1827 2571 1913 2610 bilis
1931 2570 1971 2608 in
1989 2569 2110 2608 oculis
2130 2581 2202 2608 nos

1827 2634 1894 2672 tris
1910 2654 1919 2663 ·
1949 2632 1976 2654 4³
1990 2632 2085 2671 Ideo
2108 2632 2198 2671 dico

1827 2696 1939 2735 uobis
1958 2695 2048 2746 quia
2066 2694 2154 2734 aufe

1827 2766 1929 2799 retur
1947 2771 1970 2797 a
1992 2758 2105 2797 uobis
2124 2771 2192 2808 reg

1829 2834 1924 2861 num
1943 2822 1983 2860 di
1997 2842 2005 2852 ·
2034 2820 2086 2860 Et
2105 2821 2254 2859 dabitur
