<?xml version="1.0" encoding="UTF-8"?>
<!DOCTYPE html PUBLIC "-//W3C//DTD XHTML 1.0 Transitional//EN"
    "http://www.w3.org/TR/xhtml1/DTD/xhtml1-transitional.dtd">
<html xmlns="http://www.w3.org/1999/xhtml" xml:lang="en" lang="en">
 <head>
  <title>
</title>
<meta http-equiv="Content-Type" content="text/html;charset=utf-8" />
  <meta name='ocr-system' content='tesseract 3.04.00' />
  <meta name='ocr-capabilities' content='ocr_page ocr_carea ocr_par ocr_line ocrx_word'/>
</head>
<body>
  <div class='ocr_page' id='page_1' title='image "./fourgospelsfromm00whit_0076.png"; bbox 0 0 2872 3268; ppageno 0'>
   <div class='ocr_carea' id='block_1_1' title="bbox 546 208 598 250">
    <p class='ocr_par' dir='ltr' id='par_1_1' title="bbox 546 208 598 250">
     <span class='ocr_line' id='line_1_1' title="bbox 546 208 598 250; baseline -0.019 0"><span class='ocrx_word' id='word_1_1' title='bbox 546 208 598 250; x_wconf 92' lang='lat'>18</span> 
     </span>
    </p>
   </div>
   <div class='ocr_carea' id='block_1_2' title="bbox 356 325 887 367">
    <p class='ocr_par' dir='ltr' id='par_1_2' title="bbox 356 325 887 367">
     <span class='ocr_line' id='line_1_2' title="bbox 356 325 887 367; baseline 0.004 -4"><span class='ocrx_word' id='word_1_2' title='bbox 356 332 439 365; x_wconf 61' lang='grc' dir='ltr'>ποι.</span> <span class='ocrx_word' id='word_1_3' title='bbox 454 331 514 367; x_wconf 76' lang='lat'>84.</span> <span class='ocrx_word' id='word_1_4' title='bbox 544 326 749 367; x_wconf 86' lang='lat' dir='ltr'>fasciculos</span> <span class='ocrx_word' id='word_1_5' title='bbox 767 325 818 365; x_wconf 88' lang='lat' dir='ltr'>ad</span> <span class='ocrx_word' id='word_1_6' title='bbox 838 329 887 365; x_wconf 82' lang='lat' dir='ltr'>c6</span> 
     </span>
    </p>
   </div>
   <div class='ocr_carea' id='block_1_3' title="bbox 510 389 953 1552">
    <p class='ocr_par' dir='ltr' id='par_1_3' title="bbox 542 389 783 428">
     <span class='ocr_line' id='line_1_3' title="bbox 542 389 783 428; baseline -0.004 0"><span class='ocrx_word' id='word_1_7' title='bbox 542 389 761 428; x_wconf 90' lang='lat' dir='ltr'>burendum</span> <span class='ocrx_word' id='word_1_8' title='bbox 774 406 783 417; x_wconf 93' lang='lat'><strong>·</strong></span> 
     </span>
    </p>

    <p class='ocr_par' dir='ltr' id='par_1_4' title="bbox 510 451 927 615">
     <span class='ocr_line' id='line_1_4' title="bbox 510 451 889 491; baseline -0.005 0"><span class='ocrx_word' id='word_1_9' title='bbox 510 465 516 471; x_wconf 93' lang='lat'>·</span> <span class='ocrx_word' id='word_1_10' title='bbox 542 451 738 491; x_wconf 89' lang='lat' dir='ltr'>Triticum</span> <span class='ocrx_word' id='word_1_11' title='bbox 758 457 889 491; x_wconf 88' lang='lat' dir='ltr'>autem</span> 
     </span>
     <span class='ocr_line' id='line_1_5' title="bbox 544 513 927 564; baseline -0.005 -11"><span class='ocrx_word' id='word_1_12' title='bbox 544 519 783 564; x_wconf 88' lang='lat' dir='ltr'>congregate</span> <span class='ocrx_word' id='word_1_13' title='bbox 801 514 842 551; x_wconf 91' lang='lat' dir='ltr'>in</span> <span class='ocrx_word' id='word_1_14' title='bbox 862 513 927 551; x_wconf 87' lang='lat' dir='ltr'>hor</span> 
     </span>
     <span class='ocr_line' id='line_1_6' title="bbox 542 588 856 615; baseline 0.003 -1"><span class='ocrx_word' id='word_1_15' title='bbox 542 589 653 615; x_wconf 91' lang='lat' dir='ltr'>reum</span> <span class='ocrx_word' id='word_1_16' title='bbox 672 588 804 615; x_wconf 89' lang='lat' dir='ltr'>meum</span> <span class='ocrx_word' id='word_1_17' title='bbox 819 592 856 605; x_wconf 91' lang='lat'>·-</span> 
     </span>
    </p>

    <p class='ocr_par' dir='ltr' id='par_1_5' title="bbox 542 637 953 802">
     <span class='ocr_line' id='line_1_7' title="bbox 542 637 953 688; baseline -0.002 -11"><span class='ocrx_word' id='word_1_18' title='bbox 542 639 572 661; x_wconf 76' lang='lat'>³¹</span> <span class='ocrx_word' id='word_1_19' title='bbox 584 638 712 677; x_wconf 86' lang='lat' dir='ltr'>Aliam</span> <span class='ocrx_word' id='word_1_20' title='bbox 731 637 953 688; x_wconf 86' lang='lat' dir='ltr'>parabolam</span> 
     </span>
     <span class='ocr_line' id='line_1_8' title="bbox 542 700 835 752; baseline -0.007 -13"><span class='ocrx_word' id='word_1_21' title='bbox 542 701 744 752; x_wconf 89' lang='lat' dir='ltr'>proposuit</span> <span class='ocrx_word' id='word_1_22' title='bbox 762 700 835 738; x_wconf 89' lang='lat' dir='ltr'>illis</span> 
     </span>
     <span class='ocr_line' id='line_1_9' title="bbox 542 762 837 802; baseline -0.007 0"><span class='ocrx_word' id='word_1_23' title='bbox 542 763 675 802; x_wconf 91' lang='lat' dir='ltr'>dicens</span> <span class='ocrx_word' id='word_1_24' title='bbox 691 780 699 789; x_wconf 95' lang='lat'><strong>·</strong></span> <span class='ocrx_word' id='word_1_25' title='bbox 742 762 837 802; x_wconf 88' lang='lat' dir='ltr'>Simi</span> 
     </span>
    </p>

    <p class='ocr_par' dir='ltr' id='par_1_6' title="bbox 542 826 836 937">
     <span class='ocr_line' id='line_1_10' title="bbox 542 826 836 874; baseline -0.007 -10"><span class='ocrx_word' id='word_1_26' title='bbox 542 826 577 864; x_wconf 92' lang='lat' dir='ltr'>le</span> <span class='ocrx_word' id='word_1_27' title='bbox 596 832 654 863; x_wconf 91' lang='lat' dir='ltr'>est</span> <span class='ocrx_word' id='word_1_28' title='bbox 672 835 836 874; x_wconf 86' lang='lat' dir='ltr'>regnum</span> 
     </span>
     <span class='ocr_line' id='line_1_11' title="bbox 542 887 828 937; baseline -0.01 -10"><span class='ocrx_word' id='word_1_29' title='bbox 542 887 739 927; x_wconf 87' lang='lat' dir='ltr'>caelorum</span> <span class='ocrx_word' id='word_1_30' title='bbox 758 898 828 937; x_wconf 87' lang='lat' dir='ltr'>gra</span> 
     </span>
    </p>

    <p class='ocr_par' dir='ltr' id='par_1_7' title="bbox 540 948 902 1552">
     <span class='ocr_line' id='line_1_12' title="bbox 542 948 880 1000; baseline -0.003 -12"><span class='ocrx_word' id='word_1_31' title='bbox 542 962 595 988; x_wconf 90' lang='lat' dir='ltr'>no</span> <span class='ocrx_word' id='word_1_32' title='bbox 616 949 761 999; x_wconf 88' lang='lat' dir='ltr'>sinapis</span> <span class='ocrx_word' id='word_1_33' title='bbox 780 948 880 1000; x_wconf 92' lang='lat' dir='ltr'>qu⁰d</span> 
     </span>
     <span class='ocr_line' id='line_1_13' title="bbox 542 1011 877 1062; baseline -0.003 -11"><span class='ocrx_word' id='word_1_34' title='bbox 542 1012 736 1062; x_wconf 90' lang='lat' dir='ltr'>accipiens</span> <span class='ocrx_word' id='word_1_35' title='bbox 755 1011 877 1050; x_wconf 91' lang='lat' dir='ltr'>homo</span> 
     </span>
     <span class='ocr_line' id='line_1_14' title="bbox 541 1074 848 1114; baseline -0.003 0"><span class='ocrx_word' id='word_1_36' title='bbox 541 1074 745 1114; x_wconf 88' lang='lat' dir='ltr'>seminauit</span> <span class='ocrx_word' id='word_1_37' title='bbox 763 1074 804 1112; x_wconf 94' lang='lat' dir='ltr'>in</span> <span class='ocrx_word' id='word_1_38' title='bbox 823 1087 848 1113; x_wconf 90' lang='lat' dir='ltr'>a</span> 
     </span>
     <span class='ocr_line' id='line_1_15' title="bbox 541 1136 902 1188; baseline 0.003 -13"><span class='ocrx_word' id='word_1_39' title='bbox 541 1149 611 1188; x_wconf 88' lang='lat' dir='ltr'>gro</span> <span class='ocrx_word' id='word_1_40' title='bbox 631 1149 725 1176; x_wconf 91' lang='lat' dir='ltr'>suo·</span> <span class='ocrx_word' id='word_1_41' title='bbox 756 1136 902 1187; x_wconf 80' lang='lat' dir='ltr'>³²qu0d</span> 
     </span>
     <span class='ocr_line' id='line_1_16' title="bbox 540 1199 825 1238; baseline 0.004 -1"><span class='ocrx_word' id='word_1_42' title='bbox 540 1199 747 1237; x_wconf 88' lang='lat' dir='ltr'>minimum</span> <span class='ocrx_word' id='word_1_43' title='bbox 766 1206 825 1238; x_wconf 88' lang='lat' dir='ltr'>est</span> 
     </span>
     <span class='ocr_line' id='line_1_17' title="bbox 541 1261 853 1312; baseline 0 -12"><span class='ocrx_word' id='word_1_44' title='bbox 541 1261 698 1312; x_wconf 88' lang='lat' dir='ltr'>quidem</span> <span class='ocrx_word' id='word_1_45' title='bbox 718 1262 853 1301; x_wconf 67' lang='lat' dir='ltr'>omnir-1</span> 
     </span>
     <span class='ocr_line' id='line_1_18' title="bbox 541 1323 902 1363; baseline 0.003 -1"><span class='ocrx_word' id='word_1_46' title='bbox 541 1324 735 1363; x_wconf 91' lang='lat' dir='ltr'>seminum</span> <span class='ocrx_word' id='word_1_47' title='bbox 748 1342 756 1351; x_wconf 95' lang='lat'><strong>·</strong></span> <span class='ocrx_word' id='word_1_48' title='bbox 799 1323 902 1363; x_wconf 90' lang='lat' dir='ltr'>Cum</span> 
     </span>
     <span class='ocr_line' id='line_1_19' title="bbox 541 1387 878 1426; baseline -0.003 0"><span class='ocrx_word' id='word_1_49' title='bbox 541 1394 673 1426; x_wconf 84' lang='lat' dir='ltr'>autem</span> <span class='ocrx_word' id='word_1_50' title='bbox 692 1387 856 1426; x_wconf 89' lang='lat' dir='ltr'>creuerit</span> <span class='ocrx_word' id='word_1_51' title='bbox 869 1404 878 1413; x_wconf 92' lang='lat'><strong>·</strong></span> 
     </span>
     <span class='ocr_line' id='line_1_20' title="bbox 541 1449 860 1489; baseline 0 -1"><span class='ocrx_word' id='word_1_52' title='bbox 541 1450 666 1488; x_wconf 90' lang='lat' dir='ltr'>maius</span> <span class='ocrx_word' id='word_1_53' title='bbox 689 1450 732 1489; x_wconf 90' lang='lat' dir='ltr'>fit</span> <span class='ocrx_word' id='word_1_54' title='bbox 750 1449 860 1488; x_wconf 91' lang='lat' dir='ltr'>omni</span> 
     </span>
     <span class='ocr_line' id='line_1_21' title="bbox 540 1512 829 1552; baseline 0.003 -1"><span class='ocrx_word' id='word_1_55' title='bbox 540 1513 614 1551; x_wconf 92' lang='lat' dir='ltr'>bus</span> <span class='ocrx_word' id='word_1_56' title='bbox 633 1512 829 1552; x_wconf 88' lang='lat' dir='ltr'>holeribus</span> 
     </span>
    </p>
   </div>
   <div class='ocr_carea' id='block_1_4' title="bbox 540 1601 954 2514">
    <p class='ocr_par' dir='ltr' id='par_1_8' title="bbox 540 1601 954 2213">
     <span class='ocr_line' id='line_1_22' title="bbox 541 1601 905 1640; baseline 0 0"><span class='ocrx_word' id='word_1_57' title='bbox 541 1601 593 1640; x_wconf 93' lang='lat' dir='ltr'>Et</span> <span class='ocrx_word' id='word_1_58' title='bbox 611 1601 655 1640; x_wconf 90' lang='lat' dir='ltr'>fit</span> <span class='ocrx_word' id='word_1_59' title='bbox 674 1602 811 1640; x_wconf 90' lang='lat' dir='ltr'>arbor·</span> <span class='ocrx_word' id='word_1_60' title='bbox 852 1601 905 1640; x_wconf 88' lang='lat' dir='ltr'>ita</span> 
     </span>
     <span class='ocr_line' id='line_1_23' title="bbox 541 1663 894 1703; baseline -0.006 0"><span class='ocrx_word' id='word_1_61' title='bbox 541 1671 584 1703; x_wconf 90' lang='lat' dir='ltr'>ut</span> <span class='ocrx_word' id='word_1_62' title='bbox 602 1664 778 1702; x_wconf 86' lang='lat' dir='ltr'>uolucres</span> <span class='ocrx_word' id='word_1_63' title='bbox 798 1663 894 1702; x_wconf 90' lang='lat' dir='ltr'>caeli</span> 
     </span>
     <span class='ocr_line' id='line_1_24' title="bbox 542 1726 899 1765; baseline -0.003 0"><span class='ocrx_word' id='word_1_64' title='bbox 542 1727 701 1765; x_wconf 86' lang='lat' dir='ltr'>ueniant</span> <span class='ocrx_word' id='word_1_65' title='bbox 722 1748 730 1757; x_wconf 93' lang='lat'><strong>·</strong></span> <span class='ocrx_word' id='word_1_66' title='bbox 751 1733 790 1765; x_wconf 91' lang='lat' dir='ltr'>et</span> <span class='ocrx_word' id='word_1_67' title='bbox 808 1726 899 1764; x_wconf 90' lang='lat' dir='ltr'>habi</span> 
     </span>
     <span class='ocr_line' id='line_1_25' title="bbox 541 1785 938 1828; baseline 0 -1"><span class='ocrx_word' id='word_1_68' title='bbox 541 1795 623 1828; x_wconf 89' lang='lat' dir='ltr'>tent</span> <span class='ocrx_word' id='word_1_69' title='bbox 642 1789 682 1827; x_wconf 92' lang='lat' dir='ltr'>in</span> <span class='ocrx_word' id='word_1_70' title='bbox 700 1789 817 1828; x_wconf 86' lang='lat' dir='ltr'>ramis</span> <span class='ocrx_word' id='word_1_71' title='bbox 835 1789 918 1827; x_wconf 90' lang='lat' dir='ltr'>eius</span> <span class='ocrx_word' id='word_1_72' title='bbox 936 1785 938 1788; x_wconf 67' lang='grc'>’</span> 
     </span>
     <span class='ocr_line' id='line_1_26' title="bbox 540 1851 954 1902; baseline 0.002 -13"><span class='ocrx_word' id='word_1_73' title='bbox 540 1851 569 1873; x_wconf 77' lang='lat'>⁸³</span> <span class='ocrx_word' id='word_1_74' title='bbox 581 1851 711 1890; x_wconf 91' lang='lat' dir='ltr'>Aliam</span> <span class='ocrx_word' id='word_1_75' title='bbox 729 1851 954 1902; x_wconf 86' lang='lat' dir='ltr'>parabolam</span> 
     </span>
     <span class='ocr_line' id='line_1_27' title="bbox 541 1913 904 1953; baseline 0 -1"><span class='ocrx_word' id='word_1_76' title='bbox 541 1914 694 1953; x_wconf 90' lang='lat' dir='ltr'>locutus</span> <span class='ocrx_word' id='word_1_77' title='bbox 712 1921 771 1952; x_wconf 88' lang='lat' dir='ltr'>est</span> <span class='ocrx_word' id='word_1_78' title='bbox 790 1914 845 1952; x_wconf 86' lang='lat' dir='ltr'>eis</span> <span class='ocrx_word' id='word_1_79' title='bbox 866 1913 904 1952; x_wconf 94' lang='lat' dir='ltr'>di</span> 
     </span>
     <span class='ocr_line' id='line_1_28' title="bbox 542 1976 906 2015; baseline 0.003 -1"><span class='ocrx_word' id='word_1_80' title='bbox 542 1988 659 2015; x_wconf 91' lang='lat' dir='ltr'>cens·</span> <span class='ocrx_word' id='word_1_81' title='bbox 700 1976 832 2015; x_wconf 85' lang='lat' dir='ltr'>Simile</span> <span class='ocrx_word' id='word_1_82' title='bbox 846 1983 906 2015; x_wconf 92' lang='lat' dir='ltr'>est</span> 
     </span>
     <span class='ocr_line' id='line_1_29' title="bbox 540 2039 930 2089; baseline 0.003 -12"><span class='ocrx_word' id='word_1_83' title='bbox 540 2051 706 2089; x_wconf 90' lang='lat' dir='ltr'>regnum</span> <span class='ocrx_word' id='word_1_84' title='bbox 726 2039 930 2078; x_wconf 72' lang='lat' dir='ltr'>caeloru-·</span> 
     </span>
     <span class='ocr_line' id='line_1_30' title="bbox 542 2100 904 2152; baseline 0.006 -13"><span class='ocrx_word' id='word_1_85' title='bbox 542 2100 732 2140; x_wconf 86' lang='lat' dir='ltr'>fermento</span> <span class='ocrx_word' id='word_1_86' title='bbox 747 2119 755 2128; x_wconf 95' lang='lat'><strong>·</strong></span> <span class='ocrx_word' id='word_1_87' title='bbox 798 2101 904 2152; x_wconf 85' lang='lat' dir='ltr'>quod</span> 
     </span>
     <span class='ocr_line' id='line_1_31' title="bbox 542 2163 863 2213; baseline -0.003 -11"><span class='ocrx_word' id='word_1_88' title='bbox 542 2170 750 2213; x_wconf 87' lang='lat' dir='ltr'>acceptum</span> <span class='ocrx_word' id='word_1_89' title='bbox 769 2163 863 2201; x_wconf 90' lang='lat' dir='ltr'>muli</span> 
     </span>
    </p>

    <p class='ocr_par' dir='ltr' id='par_1_9' title="bbox 542 2225 869 2390">
     <span class='ocr_line' id='line_1_32' title="bbox 543 2225 869 2264; baseline -0.003 0"><span class='ocrx_word' id='word_1_90' title='bbox 543 2238 586 2264; x_wconf 92' lang='lat' dir='ltr'>er</span> <span class='ocrx_word' id='word_1_91' title='bbox 604 2225 809 2264; x_wconf 91' lang='lat' dir='ltr'>abscondit</span> <span class='ocrx_word' id='word_1_92' title='bbox 828 2226 869 2264; x_wconf 86' lang='lat' dir='ltr'>in</span> 
     </span>
     <span class='ocr_line' id='line_1_33' title="bbox 542 2288 851 2327; baseline 0 -1"><span class='ocrx_word' id='word_1_93' title='bbox 542 2288 707 2327; x_wconf 86' lang='lat' dir='ltr'>farinam</span> <span class='ocrx_word' id='word_1_94' title='bbox 727 2288 851 2326; x_wconf 89' lang='lat' dir='ltr'>mensi</span> 
     </span>
     <span class='ocr_line' id='line_1_34' title="bbox 542 2350 845 2390; baseline 0 -1"><span class='ocrx_word' id='word_1_95' title='bbox 542 2351 614 2389; x_wconf 90' lang='lat' dir='ltr'>bus</span> <span class='ocrx_word' id='word_1_96' title='bbox 633 2350 752 2389; x_wconf 89' lang='lat' dir='ltr'>tribus</span> <span class='ocrx_word' id='word_1_97' title='bbox 792 2351 845 2390; x_wconf 92' lang='lat' dir='ltr'>do</span> 
     </span>
    </p>

    <p class='ocr_par' dir='ltr' id='par_1_10' title="bbox 542 2412 867 2514">
     <span class='ocr_line' id='line_1_35' title="bbox 542 2412 867 2452; baseline 0.003 -2"><span class='ocrx_word' id='word_1_98' title='bbox 542 2425 616 2452; x_wconf 91' lang='lat' dir='ltr'>nec</span> <span class='ocrx_word' id='word_1_99' title='bbox 636 2412 867 2452; x_wconf 60' lang='lat' dir='ltr'>fermentati-1</span> 
     </span>
     <span class='ocr_line' id='line_1_36' title="bbox 543 2482 824 2514; baseline -0.004 0"><span class='ocrx_word' id='word_1_100' title='bbox 543 2482 601 2514; x_wconf 89' lang='lat' dir='ltr'>est</span> <span class='ocrx_word' id='word_1_101' title='bbox 618 2482 744 2514; x_wconf 87' lang='lat' dir='ltr'>toturn</span> <span class='ocrx_word' id='word_1_102' title='bbox 757 2493 824 2508; x_wconf 59' lang='lat' dir='ltr'>-m</span> 
     </span>
    </p>
   </div>
   <div class='ocr_carea' id='block_1_5' title="bbox 543 2537 1003 2577">
    <p class='ocr_par' dir='ltr' id='par_1_11' title="bbox 543 2537 1003 2577">
     <span class='ocr_line' id='line_1_37' title="bbox 543 2537 1003 2577; baseline 0.002 -1"><span class='ocrx_word' id='word_1_103' title='bbox 543 2537 573 2559; x_wconf 76' lang='lat'>³⁴</span> <span class='ocrx_word' id='word_1_104' title='bbox 580 2537 692 2576; x_wconf 89' lang='lat' dir='ltr'>Haec</span> <span class='ocrx_word' id='word_1_105' title='bbox 702 2538 838 2576; x_wconf 89' lang='lat' dir='ltr'>omnia</span> <span class='ocrx_word' id='word_1_106' title='bbox 849 2537 1003 2577; x_wconf 91' lang='lat' dir='ltr'>locutus</span> 
     </span>
    </p>
   </div>
   <div class='ocr_carea' id='block_1_6' title="bbox 545 2600 934 2836">
    <p class='ocr_par' dir='ltr' id='par_1_12' title="bbox 545 2600 934 2836">
     <span class='ocr_line' id='line_1_38' title="bbox 545 2600 906 2651; baseline 0.006 -14"><span class='ocrx_word' id='word_1_107' title='bbox 545 2606 604 2638; x_wconf 91' lang='lat' dir='ltr'>est</span> <span class='ocrx_word' id='word_1_108' title='bbox 621 2600 680 2638; x_wconf 85' lang='lat' dir='ltr'>ihs</span> <span class='ocrx_word' id='word_1_109' title='bbox 699 2601 739 2638; x_wconf 89' lang='lat' dir='ltr'>in</span> <span class='ocrx_word' id='word_1_110' title='bbox 758 2601 906 2651; x_wconf 89' lang='lat' dir='ltr'>parabo</span> 
     </span>
     <span class='ocr_line' id='line_1_39' title="bbox 545 2661 934 2702; baseline 0.008 -3"><span class='ocrx_word' id='word_1_111' title='bbox 545 2661 591 2700; x_wconf 90' lang='lat' dir='ltr'>lis</span> <span class='ocrx_word' id='word_1_112' title='bbox 610 2675 633 2701; x_wconf 90' lang='lat' dir='ltr'>a</span> <span class='ocrx_word' id='word_1_113' title='bbox 650 2664 780 2701; x_wconf 87' lang='lat' dir='ltr'><strong>turbas</strong></span> <span class='ocrx_word' id='word_1_114' title='bbox 794 2681 802 2689; x_wconf 93' lang='lat'><strong>·</strong></span> <span class='ocrx_word' id='word_1_115' title='bbox 844 2669 883 2702; x_wconf 91' lang='lat' dir='ltr'>et</span> <span class='ocrx_word' id='word_1_116' title='bbox 902 2663 934 2702; x_wconf 90' lang='lat' dir='ltr'>si</span> 
     </span>
     <span class='ocr_line' id='line_1_40' title="bbox 548 2725 905 2774; baseline 0.008 -13"><span class='ocrx_word' id='word_1_117' title='bbox 548 2736 598 2762; x_wconf 92' lang='lat' dir='ltr'>ne</span> <span class='ocrx_word' id='word_1_118' title='bbox 616 2725 808 2774; x_wconf 87' lang='lat' dir='ltr'>parabolis</span> <span class='ocrx_word' id='word_1_119' title='bbox 822 2737 905 2764; x_wconf 88' lang='lat' dir='ltr'>non</span> 
     </span>
     <span class='ocr_line' id='line_1_41' title="bbox 547 2785 851 2836; baseline 0.007 -13"><span class='ocrx_word' id='word_1_120' title='bbox 547 2785 775 2836; x_wconf 86' lang='lat' dir='ltr'>loquebatur</span> <span class='ocrx_word' id='word_1_121' title='bbox 795 2787 851 2826; x_wconf 90' lang='lat' dir='ltr'>eis</span> 
     </span>
    </p>
   </div>
   <div class='ocr_carea' id='block_1_7' title="bbox 1400 210 1680 253">
    <p class='ocr_par' dir='ltr' id='par_1_13' title="bbox 1400 210 1680 253">
     <span class='ocr_line' id='line_1_42' title="bbox 1400 210 1680 253; baseline 0.007 -2"><span class='ocrx_word' id='word_1_122' title='bbox 1400 210 1649 253; x_wconf 84' lang='lat' dir='ltr'><em>SECUND</em></span> <span class='ocrx_word' id='word_1_123' title='bbox 1671 233 1680 243; x_wconf 92' lang='lat'><strong>·</strong></span> 
     </span>
    </p>
   </div>
   <div class='ocr_carea' id='block_1_8' title="bbox 1045 324 1480 2827">
    <p class='ocr_par' dir='ltr' id='par_1_14' title="bbox 1048 324 1436 437">
     <span class='ocr_line' id='line_1_43' title="bbox 1049 324 1436 375; baseline 0.005 -12"><span class='ocrx_word' id='word_1_124' title='bbox 1049 324 1078 347; x_wconf 80' lang='lat'>⁸⁵</span> <span class='ocrx_word' id='word_1_125' title='bbox 1091 324 1145 363; x_wconf 92' lang='lat' dir='ltr'>Ut</span> <span class='ocrx_word' id='word_1_126' title='bbox 1163 324 1436 375; x_wconf 86' lang='lat' dir='ltr'>adimpleretur</span> 
     </span>
     <span class='ocr_line' id='line_1_44' title="bbox 1048 387 1365 437; baseline 0.009 -12"><span class='ocrx_word' id='word_1_127' title='bbox 1048 387 1156 437; x_wconf 94' lang='lat' dir='ltr'>quod</span> <span class='ocrx_word' id='word_1_128' title='bbox 1175 387 1323 426; x_wconf 91' lang='lat' dir='ltr'>dictum</span> <span class='ocrx_word' id='word_1_129' title='bbox 1343 400 1365 428; x_wconf 90' lang='lat' dir='ltr'>e</span> 
     </span>
    </p>

    <p class='ocr_par' dir='ltr' id='par_1_15' title="bbox 1045 446 1427 863">
     <span class='ocr_line' id='line_1_45' title="bbox 1047 446 1357 500; baseline 0.006 -12"><span class='ocrx_word' id='word_1_130' title='bbox 1047 456 1105 488; x_wconf 87' lang='lat' dir='ltr'>rat</span> <span class='ocrx_word' id='word_1_131' title='bbox 1129 462 1197 500; x_wconf 86' lang='lat' dir='ltr'>per</span> <span class='ocrx_word' id='word_1_132' title='bbox 1215 450 1326 500; x_wconf 88' lang='lat' dir='ltr'>profe</span> <span class='ocrx_word' id='word_1_133' title='bbox 1354 446 1357 448; x_wconf 62' lang='grc'><strong>’</strong></span> 
     </span>
     <span class='ocr_line' id='line_1_46' title="bbox 1046 511 1365 552; baseline 0.009 -3"><span class='ocrx_word' id='word_1_134' title='bbox 1046 518 1127 550; x_wconf 89' lang='lat' dir='ltr'>tam</span> <span class='ocrx_word' id='word_1_135' title='bbox 1147 511 1365 552; x_wconf 85' lang='lat' dir='ltr'>dicentem·</span> 
     </span>
     <span class='ocr_line' id='line_1_47' title="bbox 1046 573 1408 625; baseline 0.008 -14"><span class='ocrx_word' id='word_1_136' title='bbox 1046 573 1234 624; x_wconf 89' lang='lat' dir='ltr'>Aperiam</span> <span class='ocrx_word' id='word_1_137' title='bbox 1252 575 1293 612; x_wconf 91' lang='lat' dir='ltr'>in</span> <span class='ocrx_word' id='word_1_138' title='bbox 1312 587 1408 625; x_wconf 87' lang='lat' dir='ltr'>para</span> 
     </span>
     <span class='ocr_line' id='line_1_48' title="bbox 1045 635 1384 677; baseline 0.009 -3"><span class='ocrx_word' id='word_1_139' title='bbox 1045 635 1144 675; x_wconf 89' lang='lat' dir='ltr'>bolis</span> <span class='ocrx_word' id='word_1_140' title='bbox 1162 649 1208 676; x_wconf 91' lang='lat' dir='ltr'>os</span> <span class='ocrx_word' id='word_1_141' title='bbox 1227 649 1360 677; x_wconf 89' lang='lat' dir='ltr'>meum</span> <span class='ocrx_word' id='word_1_142' title='bbox 1375 655 1384 664; x_wconf 93' lang='lat'><strong>·</strong></span> 
     </span>
     <span class='ocr_line' id='line_1_49' title="bbox 1045 700 1418 739; baseline 0.003 -2"><span class='ocrx_word' id='word_1_143' title='bbox 1045 700 1256 739; x_wconf 84' lang='lat' dir='ltr'>eructuabo</span> <span class='ocrx_word' id='word_1_144' title='bbox 1276 700 1418 739; x_wconf 87' lang='lat' dir='ltr'>abscon</span> 
     </span>
     <span class='ocr_line' id='line_1_50' title="bbox 1047 761 1427 802; baseline 0.005 -2"><span class='ocrx_word' id='word_1_145' title='bbox 1047 761 1126 800; x_wconf 88' lang='lat' dir='ltr'>dita</span> <span class='ocrx_word' id='word_1_146' title='bbox 1141 781 1149 792; x_wconf 93' lang='lat'><em>·</em></span> <span class='ocrx_word' id='word_1_147' title='bbox 1190 774 1214 802; x_wconf 92' lang='lat' dir='ltr'>a</span> <span class='ocrx_word' id='word_1_148' title='bbox 1232 762 1427 802; x_wconf 84' lang='lat' dir='ltr'>constituti</span> 
     </span>
     <span class='ocr_line' id='line_1_51' title="bbox 1046 824 1372 863; baseline 0 -1"><span class='ocrx_word' id='word_1_149' title='bbox 1046 835 1166 862; x_wconf 91' lang='lat' dir='ltr'>onem</span> <span class='ocrx_word' id='word_1_150' title='bbox 1181 824 1318 863; x_wconf 83' lang='lat' dir='ltr'>mundi</span> <span class='ocrx_word' id='word_1_151' title='bbox 1332 843 1372 855; x_wconf 90' lang='lat'>·-</span> 
     </span>
    </p>

    <p class='ocr_par' dir='ltr' id='par_1_16' title="bbox 1045 885 1453 1240">
     <span class='ocr_line' id='line_1_52' title="bbox 1045 885 1453 927; baseline 0.005 -2"><span class='ocrx_word' id='word_1_152' title='bbox 1045 885 1074 908; x_wconf 78' lang='lat'>³⁶</span> <span class='ocrx_word' id='word_1_153' title='bbox 1087 886 1204 926; x_wconf 91' lang='lat' dir='ltr'>Tunc</span> <span class='ocrx_word' id='word_1_154' title='bbox 1227 887 1373 927; x_wconf 90' lang='lat' dir='ltr'>dimisis</span> <span class='ocrx_word' id='word_1_155' title='bbox 1392 894 1453 927; x_wconf 89' lang='lat' dir='ltr'>tur</span> 
     </span>
     <span class='ocr_line' id='line_1_53' title="bbox 1045 949 1415 990; baseline 0.008 -3"><span class='ocrx_word' id='word_1_156' title='bbox 1045 949 1106 987; x_wconf 91' lang='lat' dir='ltr'>bis</span> <span class='ocrx_word' id='word_1_157' title='bbox 1126 950 1217 988; x_wconf 88' lang='lat' dir='ltr'>abiit</span> <span class='ocrx_word' id='word_1_158' title='bbox 1234 950 1275 988; x_wconf 93' lang='lat' dir='ltr'>in</span> <span class='ocrx_word' id='word_1_159' title='bbox 1295 950 1415 990; x_wconf 62' lang='lat' dir='ltr'>domi-i</span> 
     </span>
     <span class='ocr_line' id='line_1_54' title="bbox 1045 1011 1377 1053; baseline 0.012 -4"><span class='ocrx_word' id='word_1_160' title='bbox 1045 1011 1127 1050; x_wconf 83' lang='lat' dir='ltr'>ihs·</span> <span class='ocrx_word' id='word_1_161' title='bbox 1168 1011 1220 1051; x_wconf 91' lang='lat' dir='ltr'>Et</span> <span class='ocrx_word' id='word_1_162' title='bbox 1238 1025 1377 1053; x_wconf 90' lang='lat' dir='ltr'>accese</span> 
     </span>
     <span class='ocr_line' id='line_1_55' title="bbox 1045 1075 1394 1117; baseline 0.014 -5"><span class='ocrx_word' id='word_1_163' title='bbox 1045 1080 1136 1113; x_wconf 90' lang='lat' dir='ltr'>runt</span> <span class='ocrx_word' id='word_1_164' title='bbox 1154 1075 1205 1114; x_wconf 87' lang='lat' dir='ltr'>ad</span> <span class='ocrx_word' id='word_1_165' title='bbox 1225 1088 1315 1114; x_wconf 90' lang='lat' dir='ltr'>eum</span> <span class='ocrx_word' id='word_1_166' title='bbox 1335 1076 1394 1117; x_wconf 88' lang='lat' dir='ltr'>dis</span> 
     </span>
     <span class='ocr_line' id='line_1_56' title="bbox 1046 1137 1396 1187; baseline 0.009 -12"><span class='ocrx_word' id='word_1_167' title='bbox 1046 1137 1162 1187; x_wconf 91' lang='lat' dir='ltr'>cipuli</span> <span class='ocrx_word' id='word_1_168' title='bbox 1181 1138 1262 1176; x_wconf 90' lang='lat' dir='ltr'>eius</span> <span class='ocrx_word' id='word_1_169' title='bbox 1281 1138 1396 1178; x_wconf 90' lang='lat' dir='ltr'>dicen</span> 
     </span>
     <span class='ocr_line' id='line_1_57' title="bbox 1046 1206 1376 1240; baseline 0.006 -2"><span class='ocrx_word' id='word_1_170' title='bbox 1046 1206 1105 1238; x_wconf 88' lang='lat' dir='ltr'>tes</span> <span class='ocrx_word' id='word_1_171' title='bbox 1118 1217 1127 1226; x_wconf 92' lang='lat'><strong>·</strong></span> <span class='ocrx_word' id='word_1_172' title='bbox 1167 1212 1304 1240; x_wconf 90' lang='lat' dir='ltr'>enarra</span> <span class='ocrx_word' id='word_1_173' title='bbox 1323 1213 1376 1240; x_wconf 94' lang='lat' dir='ltr'>no</span> 
     </span>
    </p>

    <p class='ocr_par' dir='ltr' id='par_1_17' title="bbox 1047 1262 1406 1377">
     <span class='ocr_line' id='line_1_58' title="bbox 1047 1262 1354 1313; baseline 0.003 -12"><span class='ocrx_word' id='word_1_174' title='bbox 1047 1262 1107 1301; x_wconf 91' lang='lat' dir='ltr'>bis</span> <span class='ocrx_word' id='word_1_175' title='bbox 1125 1263 1354 1313; x_wconf 90' lang='lat' dir='ltr'>parabolam</span> 
     </span>
     <span class='ocr_line' id='line_1_59' title="bbox 1047 1325 1406 1377; baseline 0.006 -14"><span class='ocrx_word' id='word_1_176' title='bbox 1047 1325 1283 1364; x_wconf 88' lang='lat' dir='ltr'>zizaniorum</span> <span class='ocrx_word' id='word_1_177' title='bbox 1302 1327 1384 1377; x_wconf 88' lang='lat' dir='ltr'>agri</span> <span class='ocrx_word' id='word_1_178' title='bbox 1398 1343 1406 1352; x_wconf 90' lang='lat'><strong>·</strong></span> 
     </span>
    </p>

    <p class='ocr_par' dir='ltr' id='par_1_18' title="bbox 1046 1387 1480 1640">
     <span class='ocr_line' id='line_1_60' title="bbox 1047 1387 1480 1439; baseline 0.009 -14"><span class='ocrx_word' id='word_1_179' title='bbox 1047 1387 1077 1410; x_wconf 73' lang='lat'>³⁷</span> <span class='ocrx_word' id='word_1_180' title='bbox 1086 1387 1140 1426; x_wconf 93' lang='lat' dir='ltr'>At</span> <span class='ocrx_word' id='word_1_181' title='bbox 1158 1388 1218 1426; x_wconf 85' lang='lat' dir='ltr'>ihs</span> <span class='ocrx_word' id='word_1_182' title='bbox 1236 1388 1480 1439; x_wconf 88' lang='lat' dir='ltr'>respondens</span> 
     </span>
     <span class='ocr_line' id='line_1_61' title="bbox 1048 1449 1410 1502; baseline 0.011 -14"><span class='ocrx_word' id='word_1_183' title='bbox 1048 1449 1143 1489; x_wconf 85' lang='lat' dir='ltr'>dixit</span> <span class='ocrx_word' id='word_1_184' title='bbox 1160 1450 1215 1489; x_wconf 89' lang='lat' dir='ltr'>eis</span> <span class='ocrx_word' id='word_1_185' title='bbox 1232 1468 1240 1477; x_wconf 94' lang='lat'><strong>·</strong></span> <span class='ocrx_word' id='word_1_186' title='bbox 1282 1451 1349 1502; x_wconf 93' lang='lat' dir='ltr'>qui</span> <span class='ocrx_word' id='word_1_187' title='bbox 1368 1463 1410 1492; x_wconf 88' lang='lat' dir='ltr'>se</span> 
     </span>
     <span class='ocr_line' id='line_1_62' title="bbox 1048 1513 1338 1552; baseline 0.003 -1"><span class='ocrx_word' id='word_1_188' title='bbox 1048 1513 1171 1552; x_wconf 90' lang='lat' dir='ltr'>minat</span> <span class='ocrx_word' id='word_1_189' title='bbox 1189 1513 1338 1552; x_wconf 91' lang='lat' dir='ltr'>bonum</span> 
     </span>
     <span class='ocr_line' id='line_1_63' title="bbox 1046 1601 1302 1640; baseline 0 0"><span class='ocrx_word' id='word_1_190' title='bbox 1046 1613 1181 1640; x_wconf 91' lang='lat' dir='ltr'>semen</span> <span class='ocrx_word' id='word_1_191' title='bbox 1200 1607 1258 1640; x_wconf 90' lang='lat' dir='ltr'>est</span> <span class='ocrx_word' id='word_1_192' title='bbox 1276 1601 1302 1640; x_wconf 87' lang='lat' dir='ltr'>fi</span> 
     </span>
    </p>

    <p class='ocr_par' dir='ltr' id='par_1_19' title="bbox 1046 1664 1331 1703">
     <span class='ocr_line' id='line_1_64' title="bbox 1046 1664 1331 1703; baseline 0 -1"><span class='ocrx_word' id='word_1_193' title='bbox 1046 1664 1120 1702; x_wconf 92' lang='lat' dir='ltr'>lius</span> <span class='ocrx_word' id='word_1_194' title='bbox 1139 1664 1307 1703; x_wconf 89' lang='lat' dir='ltr'>hominis</span> <span class='ocrx_word' id='word_1_195' title='bbox 1323 1682 1331 1691; x_wconf 93' lang='lat'><strong>·</strong></span> 
     </span>
    </p>

    <p class='ocr_par' dir='ltr' id='par_1_20' title="bbox 1047 1726 1473 2015">
     <span class='ocr_line' id='line_1_65' title="bbox 1047 1726 1462 1776; baseline 0.005 -12"><span class='ocrx_word' id='word_1_196' title='bbox 1047 1726 1076 1747; x_wconf 80' lang='lat'>⁸⁸</span> <span class='ocrx_word' id='word_1_197' title='bbox 1088 1738 1182 1776; x_wconf 88' lang='lat' dir='ltr'>ager</span> <span class='ocrx_word' id='word_1_198' title='bbox 1200 1733 1330 1765; x_wconf 88' lang='lat' dir='ltr'>autem</span> <span class='ocrx_word' id='word_1_199' title='bbox 1350 1732 1408 1766; x_wconf 90' lang='lat' dir='ltr'>est</span> <span class='ocrx_word' id='word_1_200' title='bbox 1436 1726 1462 1765; x_wconf 84' lang='lat' dir='ltr'>h</span> 
     </span>
     <span class='ocr_line' id='line_1_66' title="bbox 1047 1788 1417 1829; baseline 0.003 -2"><span class='ocrx_word' id='word_1_201' title='bbox 1047 1788 1110 1827; x_wconf 91' lang='lat' dir='ltr'>hic</span> <span class='ocrx_word' id='word_1_202' title='bbox 1129 1789 1298 1828; x_wconf 90' lang='lat' dir='ltr'>mundus</span> <span class='ocrx_word' id='word_1_203' title='bbox 1315 1807 1323 1816; x_wconf 94' lang='lat'><strong>·</strong></span> <span class='ocrx_word' id='word_1_204' title='bbox 1364 1789 1417 1829; x_wconf 89' lang='lat' dir='ltr'>bo</span> 
     </span>
     <span class='ocr_line' id='line_1_67' title="bbox 1048 1858 1473 1891; baseline 0.002 -2"><span class='ocrx_word' id='word_1_205' title='bbox 1048 1864 1143 1889; x_wconf 90' lang='lat' dir='ltr'>num</span> <span class='ocrx_word' id='word_1_206' title='bbox 1164 1858 1294 1891; x_wconf 90' lang='lat' dir='ltr'>autem</span> <span class='ocrx_word' id='word_1_207' title='bbox 1314 1864 1449 1891; x_wconf 88' lang='lat' dir='ltr'>semen</span> <span class='ocrx_word' id='word_1_208' title='bbox 1466 1874 1473 1882; x_wconf 89' lang='lat'><em>-</em></span> 
     </span>
     <span class='ocr_line' id='line_1_68' title="bbox 1048 1913 1429 1965; baseline 0 -13"><span class='ocrx_word' id='word_1_209' title='bbox 1048 1913 1088 1952; x_wconf 91' lang='lat' dir='ltr'>hi</span> <span class='ocrx_word' id='word_1_210' title='bbox 1112 1920 1202 1952; x_wconf 91' lang='lat' dir='ltr'>sunt</span> <span class='ocrx_word' id='word_1_211' title='bbox 1219 1914 1273 1952; x_wconf 89' lang='lat' dir='ltr'>fili</span> <span class='ocrx_word' id='word_1_212' title='bbox 1293 1915 1403 1965; x_wconf 88' lang='lat' dir='ltr'>regni</span> <span class='ocrx_word' id='word_1_213' title='bbox 1421 1931 1429 1940; x_wconf 93' lang='lat'><strong>·</strong></span> 
     </span>
     <span class='ocr_line' id='line_1_69' title="bbox 1048 1976 1344 2015; baseline 0.003 -1"><span class='ocrx_word' id='word_1_214' title='bbox 1048 1976 1196 2015; x_wconf 89' lang='lat' dir='ltr'>zizania</span> <span class='ocrx_word' id='word_1_215' title='bbox 1213 1982 1344 2015; x_wconf 88' lang='lat' dir='ltr'>autem</span> 
     </span>
    </p>

    <p class='ocr_par' dir='ltr' id='par_1_21' title="bbox 1046 2038 1476 2702">
     <span class='ocr_line' id='line_1_70' title="bbox 1048 2038 1420 2089; baseline 0 -12"><span class='ocrx_word' id='word_1_216' title='bbox 1048 2039 1113 2077; x_wconf 88' lang='lat' dir='ltr'>filii</span> <span class='ocrx_word' id='word_1_217' title='bbox 1134 2045 1222 2078; x_wconf 93' lang='lat' dir='ltr'>sunt</span> <span class='ocrx_word' id='word_1_218' title='bbox 1239 2038 1399 2089; x_wconf 85' lang='lat' dir='ltr'>maligni</span> <span class='ocrx_word' id='word_1_219' title='bbox 1412 2056 1420 2066; x_wconf 94' lang='lat'><strong>·</strong></span> 
     </span>
     <span class='ocr_line' id='line_1_71' title="bbox 1047 2100 1424 2140; baseline 0.003 -1"><span class='ocrx_word' id='word_1_220' title='bbox 1047 2100 1076 2123; x_wconf 77' lang='lat'>³⁹</span> <span class='ocrx_word' id='word_1_221' title='bbox 1088 2100 1275 2140; x_wconf 89' lang='lat' dir='ltr'>Inimicus</span> <span class='ocrx_word' id='word_1_222' title='bbox 1294 2107 1424 2140; x_wconf 85' lang='lat' dir='ltr'>autem</span> 
     </span>
     <span class='ocr_line' id='line_1_72' title="bbox 1047 2164 1422 2214; baseline 0.005 -13"><span class='ocrx_word' id='word_1_223' title='bbox 1047 2164 1113 2214; x_wconf 92' lang='lat' dir='ltr'>qui</span> <span class='ocrx_word' id='word_1_224' title='bbox 1132 2164 1333 2202; x_wconf 87' lang='lat' dir='ltr'>seminauit</span> <span class='ocrx_word' id='word_1_225' title='bbox 1351 2176 1398 2203; x_wconf 90' lang='lat' dir='ltr'>ea</span> <span class='ocrx_word' id='word_1_226' title='bbox 1414 2182 1422 2190; x_wconf 91' lang='lat'>·</span> 
     </span>
     <span class='ocr_line' id='line_1_73' title="bbox 1046 2226 1452 2265; baseline 0.005 -2"><span class='ocrx_word' id='word_1_227' title='bbox 1046 2232 1104 2264; x_wconf 89' lang='lat' dir='ltr'>est</span> <span class='ocrx_word' id='word_1_228' title='bbox 1123 2226 1301 2265; x_wconf 89' lang='lat' dir='ltr'>diabolus</span> <span class='ocrx_word' id='word_1_229' title='bbox 1317 2243 1325 2252; x_wconf 91' lang='lat'><strong>·</strong></span> <span class='ocrx_word' id='word_1_230' title='bbox 1369 2238 1452 2265; x_wconf 89' lang='lat' dir='ltr'>mes</span> 
     </span>
     <span class='ocr_line' id='line_1_74' title="bbox 1047 2289 1418 2327; baseline -0.003 0"><span class='ocrx_word' id='word_1_231' title='bbox 1047 2289 1100 2327; x_wconf 92' lang='lat' dir='ltr'>sis</span> <span class='ocrx_word' id='word_1_232' title='bbox 1119 2300 1213 2327; x_wconf 92' lang='lat' dir='ltr'>uero</span> <span class='ocrx_word' id='word_1_233' title='bbox 1253 2300 1418 2327; x_wconf 90' lang='lat' dir='ltr'>consum</span> 
     </span>
     <span class='ocr_line' id='line_1_75' title="bbox 1046 2350 1429 2389; baseline -0.003 0"><span class='ocrx_word' id='word_1_234' title='bbox 1046 2351 1167 2389; x_wconf 87' lang='lat' dir='ltr'>matio</span> <span class='ocrx_word' id='word_1_235' title='bbox 1187 2350 1330 2389; x_wconf 90' lang='lat' dir='ltr'>saeculi</span> <span class='ocrx_word' id='word_1_236' title='bbox 1350 2356 1408 2388; x_wconf 92' lang='lat' dir='ltr'>est</span> <span class='ocrx_word' id='word_1_237' title='bbox 1420 2367 1429 2376; x_wconf 91' lang='lat'><strong>·</strong></span> 
     </span>
     <span class='ocr_line' id='line_1_76' title="bbox 1046 2420 1368 2451; baseline 0 0"><span class='ocrx_word' id='word_1_238' title='bbox 1046 2420 1218 2451; x_wconf 80' lang='lat' dir='ltr'>mesore&#39;s</span> <span class='ocrx_word' id='word_1_239' title='bbox 1238 2420 1368 2451; x_wconf 89' lang='lat' dir='ltr'>autem</span> 
     </span>
     <span class='ocr_line' id='line_1_77' title="bbox 1047 2474 1476 2525; baseline 0 -12"><span class='ocrx_word' id='word_1_240' title='bbox 1047 2475 1177 2525; x_wconf 88' lang='lat' dir='ltr'>angeli</span> <span class='ocrx_word' id='word_1_241' title='bbox 1196 2482 1286 2514; x_wconf 90' lang='lat' dir='ltr'>sunt</span> <span class='ocrx_word' id='word_1_242' title='bbox 1324 2475 1354 2495; x_wconf 73' lang='lat'>‘¹⁰</span> <span class='ocrx_word' id='word_1_243' title='bbox 1370 2474 1476 2513; x_wconf 92' lang='lat' dir='ltr'>Sicut</span> 
     </span>
     <span class='ocr_line' id='line_1_78' title="bbox 1049 2537 1396 2588; baseline -0.006 -11"><span class='ocrx_word' id='word_1_244' title='bbox 1049 2550 1143 2588; x_wconf 91' lang='lat' dir='ltr'>ergo</span> <span class='ocrx_word' id='word_1_245' title='bbox 1162 2537 1396 2587; x_wconf 90' lang='lat' dir='ltr'>colliguntur</span> 
     </span>
     <span class='ocr_line' id='line_1_79' title="bbox 1049 2600 1420 2650; baseline -0.003 -12"><span class='ocrx_word' id='word_1_246' title='bbox 1049 2601 1195 2639; x_wconf 89' lang='lat' dir='ltr'>zizania</span> <span class='ocrx_word' id='word_1_247' title='bbox 1214 2606 1252 2639; x_wconf 88' lang='lat' dir='ltr'>et</span> <span class='ocrx_word' id='word_1_248' title='bbox 1270 2600 1310 2638; x_wconf 90' lang='lat' dir='ltr'>in</span> <span class='ocrx_word' id='word_1_249' title='bbox 1330 2600 1420 2650; x_wconf 90' lang='lat' dir='ltr'>igne</span> 
     </span>
     <span class='ocr_line' id='line_1_80' title="bbox 1048 2664 1351 2702; baseline -0.007 0"><span class='ocrx_word' id='word_1_250' title='bbox 1048 2664 1327 2702; x_wconf 90' lang='lat' dir='ltr'>comburuntur</span> <span class='ocrx_word' id='word_1_251' title='bbox 1342 2682 1351 2692; x_wconf 93' lang='lat'><strong>·</strong></span> 
     </span>
    </p>

    <p class='ocr_par' dir='ltr' id='par_1_22' title="bbox 1046 2724 1447 2827">
     <span class='ocr_line' id='line_1_81' title="bbox 1049 2724 1447 2764; baseline -0.005 0"><span class='ocrx_word' id='word_1_252' title='bbox 1049 2724 1112 2764; x_wconf 93' lang='lat' dir='ltr'>Sic</span> <span class='ocrx_word' id='word_1_253' title='bbox 1132 2725 1202 2764; x_wconf 92' lang='lat' dir='ltr'>erit</span> <span class='ocrx_word' id='word_1_254' title='bbox 1220 2725 1261 2763; x_wconf 91' lang='lat' dir='ltr'>in</span> <span class='ocrx_word' id='word_1_255' title='bbox 1281 2735 1447 2764; x_wconf 90' lang='lat' dir='ltr'>consum</span> 
     </span>
     <span class='ocr_line' id='line_1_82' title="bbox 1046 2787 1378 2827; baseline 0 -2"><span class='ocrx_word' id='word_1_256' title='bbox 1046 2787 1217 2827; x_wconf 90' lang='lat' dir='ltr'>matione</span> <span class='ocrx_word' id='word_1_257' title='bbox 1237 2787 1378 2827; x_wconf 86' lang='lat' dir='ltr'>saeculi</span> 
     </span>
    </p>
   </div>
   <div class='ocr_carea' id='block_1_9' title="bbox 1584 326 2005 1555">
    <p class='ocr_par' dir='ltr' id='par_1_23' title="bbox 1584 326 2005 1191">
     <span class='ocr_line' id='line_1_83' title="bbox 1586 326 1926 365; baseline 0 -1"><span class='ocrx_word' id='word_1_258' title='bbox 1586 326 1699 365; x_wconf 89' lang='lat' dir='ltr'>huius</span> <span class='ocrx_word' id='word_1_259' title='bbox 1713 346 1722 357; x_wconf 90' lang='lat'><strong>·</strong></span> <span class='ocrx_word' id='word_1_260' title='bbox 1762 326 1926 365; x_wconf 74' lang='lat' dir='ltr'>“mittet</span> 
     </span>
     <span class='ocr_line' id='line_1_84' title="bbox 1586 388 1946 427; baseline -0.003 0"><span class='ocrx_word' id='word_1_261' title='bbox 1586 388 1686 427; x_wconf 88' lang='lat' dir='ltr'>filius</span> <span class='ocrx_word' id='word_1_262' title='bbox 1704 388 1874 427; x_wconf 89' lang='lat' dir='ltr'>hominis</span> <span class='ocrx_word' id='word_1_263' title='bbox 1895 400 1946 426; x_wconf 90' lang='lat' dir='ltr'>an</span> 
     </span>
     <span class='ocr_line' id='line_1_85' title="bbox 1586 450 1984 501; baseline -0.003 -11"><span class='ocrx_word' id='word_1_264' title='bbox 1586 451 1697 501; x_wconf 87' lang='lat' dir='ltr'>gelos</span> <span class='ocrx_word' id='word_1_265' title='bbox 1717 463 1811 491; x_wconf 86' lang='lat' dir='ltr'>suos</span> <span class='ocrx_word' id='word_1_266' title='bbox 1863 457 1902 490; x_wconf 90' lang='lat' dir='ltr'>et</span> <span class='ocrx_word' id='word_1_267' title='bbox 1920 450 1984 490; x_wconf 93' lang='lat' dir='ltr'>col</span> 
     </span>
     <span class='ocr_line' id='line_1_86' title="bbox 1586 513 1916 565; baseline 0.009 -14"><span class='ocrx_word' id='word_1_268' title='bbox 1586 513 1707 563; x_wconf 89' lang='lat' dir='ltr'>ligent</span> <span class='ocrx_word' id='word_1_269' title='bbox 1726 514 1774 553; x_wconf 91' lang='lat' dir='ltr'>de</span> <span class='ocrx_word' id='word_1_270' title='bbox 1794 526 1916 565; x_wconf 91' lang='lat' dir='ltr'>regno</span> 
     </span>
     <span class='ocr_line' id='line_1_87' title="bbox 1585 576 1933 616; baseline 0.003 -1"><span class='ocrx_word' id='word_1_271' title='bbox 1585 577 1668 615; x_wconf 92' lang='lat' dir='ltr'>eius</span> <span class='ocrx_word' id='word_1_272' title='bbox 1687 576 1819 615; x_wconf 91' lang='lat' dir='ltr'>omnia</span> <span class='ocrx_word' id='word_1_273' title='bbox 1838 589 1933 616; x_wconf 88' lang='lat' dir='ltr'>scan</span> 
     </span>
     <span class='ocr_line' id='line_1_88' title="bbox 1586 639 1932 690; baseline -0.003 -12"><span class='ocrx_word' id='word_1_274' title='bbox 1586 639 1674 678; x_wconf 88' lang='lat' dir='ltr'>dala</span> <span class='ocrx_word' id='word_1_275' title='bbox 1722 646 1760 678; x_wconf 89' lang='lat' dir='ltr'>et</span> <span class='ocrx_word' id='word_1_276' title='bbox 1779 651 1846 679; x_wconf 88' lang='lat' dir='ltr'>eos</span> <span class='ocrx_word' id='word_1_277' title='bbox 1865 640 1932 690; x_wconf 90' lang='lat' dir='ltr'>qui</span> 
     </span>
     <span class='ocr_line' id='line_1_89' title="bbox 1584 701 1908 753; baseline 0.003 -14"><span class='ocrx_word' id='word_1_278' title='bbox 1584 701 1731 741; x_wconf 85' lang='lat' dir='ltr'>faciunt</span> <span class='ocrx_word' id='word_1_279' title='bbox 1749 702 1908 753; x_wconf 88' lang='lat' dir='ltr'>iniquita</span> 
     </span>
     <span class='ocr_line' id='line_1_90' title="bbox 1585 765 1968 804; baseline 0 -1"><span class='ocrx_word' id='word_1_280' title='bbox 1585 771 1664 804; x_wconf 91' lang='lat' dir='ltr'>tem</span> <span class='ocrx_word' id='word_1_281' title='bbox 1678 785 1687 795; x_wconf 89' lang='lat'><strong>·</strong></span> <span class='ocrx_word' id='word_1_282' title='bbox 1716 765 1746 787; x_wconf 75' lang='lat'>‘²</span> <span class='ocrx_word' id='word_1_283' title='bbox 1758 771 1796 804; x_wconf 91' lang='lat' dir='ltr'>et</span> <span class='ocrx_word' id='word_1_284' title='bbox 1815 765 1968 804; x_wconf 89' lang='lat' dir='ltr'>mittent</span> 
     </span>
     <span class='ocr_line' id='line_1_91' title="bbox 1586 828 1935 867; baseline -0.003 0"><span class='ocrx_word' id='word_1_285' title='bbox 1586 840 1653 867; x_wconf 88' lang='lat' dir='ltr'>eos</span> <span class='ocrx_word' id='word_1_286' title='bbox 1675 828 1716 866; x_wconf 93' lang='lat' dir='ltr'>in</span> <span class='ocrx_word' id='word_1_287' title='bbox 1738 828 1935 867; x_wconf 89' lang='lat' dir='ltr'>caminum</span> 
     </span>
     <span class='ocr_line' id='line_1_92' title="bbox 1584 890 1952 941; baseline 0.005 -13"><span class='ocrx_word' id='word_1_288' title='bbox 1584 891 1685 941; x_wconf 89' lang='lat' dir='ltr'>ignis</span> <span class='ocrx_word' id='word_1_289' title='bbox 1738 891 1790 929; x_wconf 94' lang='lat' dir='ltr'>ibi</span> <span class='ocrx_word' id='word_1_290' title='bbox 1813 891 1882 930; x_wconf 88' lang='lat' dir='ltr'>erit</span> <span class='ocrx_word' id='word_1_291' title='bbox 1900 890 1952 930; x_wconf 90' lang='lat' dir='ltr'>fle</span> 
     </span>
     <span class='ocr_line' id='line_1_93' title="bbox 1585 953 1860 992; baseline 0 0"><span class='ocrx_word' id='word_1_292' title='bbox 1585 959 1646 992; x_wconf 89' lang='lat' dir='ltr'>tus</span> <span class='ocrx_word' id='word_1_293' title='bbox 1665 959 1704 992; x_wconf 94' lang='lat' dir='ltr'>et</span> <span class='ocrx_word' id='word_1_294' title='bbox 1722 953 1860 992; x_wconf 89' lang='lat' dir='ltr'>stridor</span> 
     </span>
     <span class='ocr_line' id='line_1_94' title="bbox 1586 1015 2005 1058; baseline 0 -4"><span class='ocrx_word' id='word_1_295' title='bbox 1586 1015 1759 1054; x_wconf 90' lang='lat' dir='ltr'>dentium</span> <span class='ocrx_word' id='word_1_296' title='bbox 1773 1036 1782 1047; x_wconf 89' lang='lat'>-</span> <span class='ocrx_word' id='word_1_297' title='bbox 1812 1019 1836 1058; x_wconf 86' lang='lat'>†</span> <span class='ocrx_word' id='word_1_298' title='bbox 1847 1015 1876 1037; x_wconf 77' lang='lat'>⁴⁸</span> <span class='ocrx_word' id='word_1_299' title='bbox 1890 1016 2005 1055; x_wconf 90' lang='lat' dir='ltr'>Tunc</span> 
     </span>
     <span class='ocr_line' id='line_1_95' title="bbox 1584 1077 1893 1128; baseline 0 -11"><span class='ocrx_word' id='word_1_300' title='bbox 1584 1078 1672 1117; x_wconf 87' lang='lat' dir='ltr'>iusti</span> <span class='ocrx_word' id='word_1_301' title='bbox 1690 1077 1893 1128; x_wconf 88' lang='lat' dir='ltr'>fulgebunt</span> 
     </span>
     <span class='ocr_line' id='line_1_96' title="bbox 1586 1141 1914 1191; baseline -0.003 -12"><span class='ocrx_word' id='word_1_302' title='bbox 1586 1141 1685 1180; x_wconf 89' lang='lat' dir='ltr'>sicut</span> <span class='ocrx_word' id='word_1_303' title='bbox 1707 1141 1766 1179; x_wconf 89' lang='lat' dir='ltr'>sol</span> <span class='ocrx_word' id='word_1_304' title='bbox 1785 1141 1825 1179; x_wconf 91' lang='lat' dir='ltr'>in</span> <span class='ocrx_word' id='word_1_305' title='bbox 1844 1153 1914 1191; x_wconf 86' lang='lat' dir='ltr'>reg</span> 
     </span>
    </p>

    <p class='ocr_par' dir='ltr' id='par_1_24' title="bbox 1586 1203 1957 1367">
     <span class='ocr_line' id='line_1_97' title="bbox 1586 1203 1957 1254; baseline -0.003 -12"><span class='ocrx_word' id='word_1_306' title='bbox 1586 1215 1640 1242; x_wconf 94' lang='lat' dir='ltr'>no</span> <span class='ocrx_word' id='word_1_307' title='bbox 1659 1203 1779 1254; x_wconf 89' lang='lat' dir='ltr'>patris</span> <span class='ocrx_word' id='word_1_308' title='bbox 1799 1215 1933 1242; x_wconf 87' lang='lat' dir='ltr'>eorum</span> <span class='ocrx_word' id='word_1_309' title='bbox 1947 1224 1957 1235; x_wconf 90' lang='lat'><strong>·</strong></span> 
     </span>
     <span class='ocr_line' id='line_1_98' title="bbox 1587 1264 1934 1313; baseline 0.003 -10"><span class='ocrx_word' id='word_1_310' title='bbox 1587 1264 1667 1313; x_wconf 89' lang='lat' dir='ltr'>Qui</span> <span class='ocrx_word' id='word_1_311' title='bbox 1686 1265 1802 1304; x_wconf 85' lang='lat' dir='ltr'>habet</span> <span class='ocrx_word' id='word_1_312' title='bbox 1823 1277 1934 1304; x_wconf 89' lang='lat' dir='ltr'>aures</span> 
     </span>
     <span class='ocr_line' id='line_1_99' title="bbox 1587 1328 1942 1367; baseline 0 -1"><span class='ocrx_word' id='word_1_313' title='bbox 1587 1328 1770 1367; x_wconf 90' lang='lat' dir='ltr'>audiendi</span> <span class='ocrx_word' id='word_1_314' title='bbox 1791 1328 1920 1367; x_wconf 87' lang='lat' dir='ltr'>audiat</span> <span class='ocrx_word' id='word_1_315' title='bbox 1933 1348 1942 1358; x_wconf 93' lang='lat'><strong>·</strong></span> 
     </span>
    </p>

    <p class='ocr_par' dir='ltr' id='par_1_25' title="bbox 1587 1390 1996 1555">
     <span class='ocr_line' id='line_1_100' title="bbox 1587 1390 1996 1430; baseline 0.002 -2"><span class='ocrx_word' id='word_1_316' title='bbox 1587 1391 1618 1413; x_wconf 70' lang='lat'>⁴⁴</span> <span class='ocrx_word' id='word_1_317' title='bbox 1630 1390 1776 1429; x_wconf 90' lang='lat' dir='ltr'>Iterum</span> <span class='ocrx_word' id='word_1_318' title='bbox 1796 1390 1918 1430; x_wconf 90' lang='lat' dir='ltr'>simile</span> <span class='ocrx_word' id='word_1_319' title='bbox 1938 1396 1996 1430; x_wconf 91' lang='lat' dir='ltr'>est</span> 
     </span>
     <span class='ocr_line' id='line_1_101' title="bbox 1587 1452 1928 1503; baseline 0.003 -12"><span class='ocrx_word' id='word_1_320' title='bbox 1587 1465 1753 1503; x_wconf 89' lang='lat' dir='ltr'>regnum</span> <span class='ocrx_word' id='word_1_321' title='bbox 1772 1452 1928 1492; x_wconf 77' lang='lat' dir='ltr'>caelorfi</span> 
     </span>
     <span class='ocr_line' id='line_1_102' title="bbox 1588 1515 1872 1555; baseline 0 -1"><span class='ocrx_word' id='word_1_322' title='bbox 1588 1515 1802 1555; x_wconf 88' lang='lat' dir='ltr'>thensauro</span> <span class='ocrx_word' id='word_1_323' title='bbox 1821 1516 1872 1554; x_wconf 89' lang='lat' dir='ltr'>ab</span> 
     </span>
    </p>
   </div>
   <div class='ocr_carea' id='block_1_10' title="bbox 1584 1602 1997 2829">
    <p class='ocr_par' dir='ltr' id='par_1_26' title="bbox 1586 1602 1970 2091">
     <span class='ocr_line' id='line_1_103' title="bbox 1587 1602 1962 1653; baseline 0 -11"><span class='ocrx_word' id='word_1_324' title='bbox 1587 1602 1766 1643; x_wconf 89' lang='lat' dir='ltr'>scondito</span> <span class='ocrx_word' id='word_1_325' title='bbox 1783 1603 1824 1640; x_wconf 91' lang='lat' dir='ltr'>in</span> <span class='ocrx_word' id='word_1_326' title='bbox 1844 1614 1938 1653; x_wconf 87' lang='lat' dir='ltr'>agro</span> <span class='ocrx_word' id='word_1_327' title='bbox 1953 1615 1962 1633; x_wconf 64' lang='grc' dir='ltr'><strong><em>ε</em></strong></span> 
     </span>
     <span class='ocr_line' id='line_1_104' title="bbox 1587 1666 1960 1716; baseline 0 -12"><span class='ocrx_word' id='word_1_328' title='bbox 1587 1677 1705 1716; x_wconf 88' lang='lat' dir='ltr'>quern</span> <span class='ocrx_word' id='word_1_329' title='bbox 1727 1666 1793 1716; x_wconf 93' lang='lat' dir='ltr'>qui</span> <span class='ocrx_word' id='word_1_330' title='bbox 1815 1666 1960 1704; x_wconf 89' lang='lat' dir='ltr'>inuenit</span> 
     </span>
     <span class='ocr_line' id='line_1_105' title="bbox 1587 1727 1954 1768; baseline -0.003 -2"><span class='ocrx_word' id='word_1_331' title='bbox 1587 1727 1708 1768; x_wconf 90' lang='lat' dir='ltr'>homo</span> <span class='ocrx_word' id='word_1_332' title='bbox 1727 1728 1930 1767; x_wconf 86' lang='lat' dir='ltr'>abscondit</span> <span class='ocrx_word' id='word_1_333' title='bbox 1945 1749 1954 1759; x_wconf 87' lang='lat'><strong>·</strong></span> 
     </span>
     <span class='ocr_line' id='line_1_106' title="bbox 1586 1790 1970 1841; baseline -0.003 -12"><span class='ocrx_word' id='word_1_334' title='bbox 1586 1797 1625 1829; x_wconf 93' lang='lat' dir='ltr'>et</span> <span class='ocrx_word' id='word_1_335' title='bbox 1643 1803 1734 1841; x_wconf 89' lang='lat' dir='ltr'>prae</span> <span class='ocrx_word' id='word_1_336' title='bbox 1754 1791 1898 1841; x_wconf 87' lang='lat' dir='ltr'>gaudio</span> <span class='ocrx_word' id='word_1_337' title='bbox 1917 1790 1970 1828; x_wconf 92' lang='lat' dir='ltr'>illi</span> 
     </span>
     <span class='ocr_line' id='line_1_107' title="bbox 1586 1853 1908 1893; baseline -0.003 -1"><span class='ocrx_word' id='word_1_338' title='bbox 1586 1866 1632 1893; x_wconf 92' lang='lat' dir='ltr'>us</span> <span class='ocrx_word' id='word_1_339' title='bbox 1652 1853 1768 1892; x_wconf 93' lang='lat' dir='ltr'>uadet</span> <span class='ocrx_word' id='word_1_340' title='bbox 1785 1860 1824 1892; x_wconf 91' lang='lat' dir='ltr'>et</span> <span class='ocrx_word' id='word_1_341' title='bbox 1841 1854 1908 1892; x_wconf 89' lang='lat' dir='ltr'>uni</span> 
     </span>
     <span class='ocr_line' id='line_1_108' title="bbox 1587 1916 1950 1969; baseline -0.003 -14"><span class='ocrx_word' id='word_1_342' title='bbox 1587 1928 1700 1955; x_wconf 87' lang='lat' dir='ltr'>uersa</span> <span class='ocrx_word' id='word_1_343' title='bbox 1719 1928 1793 1966; x_wconf 90' lang='lat' dir='ltr'>que</span> <span class='ocrx_word' id='word_1_344' title='bbox 1814 1916 1950 1969; x_wconf 69' lang='lat' dir='ltr'>habet⁵</span> 
     </span>
     <span class='ocr_line' id='line_1_109' title="bbox 1586 1979 1939 2018; baseline -0.003 -1"><span class='ocrx_word' id='word_1_345' title='bbox 1586 1979 1729 2018; x_wconf 90' lang='lat' dir='ltr'>uendet</span> <span class='ocrx_word' id='word_1_346' title='bbox 1780 1985 1818 2017; x_wconf 91' lang='lat' dir='ltr'>et</span> <span class='ocrx_word' id='word_1_347' title='bbox 1836 1985 1939 2017; x_wconf 89' lang='lat' dir='ltr'>emet</span> 
     </span>
     <span class='ocr_line' id='line_1_110' title="bbox 1587 2041 1881 2091; baseline -0.003 -11"><span class='ocrx_word' id='word_1_348' title='bbox 1587 2053 1725 2091; x_wconf 84' lang='lat' dir='ltr'>agrum</span> <span class='ocrx_word' id='word_1_349' title='bbox 1746 2041 1854 2079; x_wconf 90' lang='lat' dir='ltr'>illum</span> <span class='ocrx_word' id='word_1_350' title='bbox 1871 2061 1881 2071; x_wconf 92' lang='lat'><strong>·</strong></span> 
     </span>
    </p>

    <p class='ocr_par' dir='ltr' id='par_1_27' title="bbox 1587 2103 1997 2277">
     <span class='ocr_line' id='line_1_111' title="bbox 1587 2103 1997 2143; baseline -0.002 -1"><span class='ocrx_word' id='word_1_351' title='bbox 1587 2104 1618 2125; x_wconf 65' lang='lat'>⁴⁵</span> <span class='ocrx_word' id='word_1_352' title='bbox 1630 2104 1776 2143; x_wconf 90' lang='lat' dir='ltr'>Iterum</span> <span class='ocrx_word' id='word_1_353' title='bbox 1796 2103 1920 2142; x_wconf 89' lang='lat' dir='ltr'>simile</span> <span class='ocrx_word' id='word_1_354' title='bbox 1939 2109 1997 2141; x_wconf 93' lang='lat' dir='ltr'>est</span> 
     </span>
     <span class='ocr_line' id='line_1_112' title="bbox 1588 2166 1970 2216; baseline 0 -12"><span class='ocrx_word' id='word_1_355' title='bbox 1588 2178 1753 2216; x_wconf 87' lang='lat' dir='ltr'>regnum</span> <span class='ocrx_word' id='word_1_356' title='bbox 1772 2166 1970 2205; x_wconf 77' lang='lat' dir='ltr'>caeloru‘·</span> 
     </span>
     <span class='ocr_line' id='line_1_113' title="bbox 1588 2228 1889 2277; baseline 0 -11"><span class='ocrx_word' id='word_1_357' title='bbox 1588 2228 1737 2266; x_wconf 90' lang='lat' dir='ltr'>homini</span> <span class='ocrx_word' id='word_1_358' title='bbox 1757 2228 1889 2277; x_wconf 87' lang='lat' dir='ltr'>negoti</span> 
     </span>
    </p>

    <p class='ocr_par' dir='ltr' id='par_1_28' title="bbox 1587 2290 1896 2402">
     <span class='ocr_line' id='line_1_114' title="bbox 1587 2290 1859 2341; baseline -0.004 -12"><span class='ocrx_word' id='word_1_359' title='bbox 1587 2290 1666 2329; x_wconf 90' lang='lat' dir='ltr'>anti</span> <span class='ocrx_word' id='word_1_360' title='bbox 1685 2290 1859 2341; x_wconf 90' lang='lat' dir='ltr'>querenti</span> 
     </span>
     <span class='ocr_line' id='line_1_115' title="bbox 1587 2352 1896 2402; baseline 0 -12"><span class='ocrx_word' id='word_1_361' title='bbox 1587 2353 1711 2392; x_wconf 90' lang='lat' dir='ltr'>bonas</span> <span class='ocrx_word' id='word_1_362' title='bbox 1730 2352 1896 2402; x_wconf 88' lang='lat' dir='ltr'>margari</span> 
     </span>
    </p>

    <p class='ocr_par' dir='ltr' id='par_1_29' title="bbox 1584 2415 1993 2829">
     <span class='ocr_line' id='line_1_116' title="bbox 1586 2415 1993 2465; baseline -0.002 -12"><span class='ocrx_word' id='word_1_363' title='bbox 1586 2421 1645 2453; x_wconf 89' lang='lat' dir='ltr'>tas</span> <span class='ocrx_word' id='word_1_364' title='bbox 1659 2436 1667 2444; x_wconf 93' lang='lat'><strong>·</strong></span> <span class='ocrx_word' id='word_1_365' title='bbox 1697 2415 1726 2436; x_wconf 77' lang='lat'>⁴⁶</span> <span class='ocrx_word' id='word_1_366' title='bbox 1737 2415 1802 2465; x_wconf 93' lang='lat' dir='ltr'>qui</span> <span class='ocrx_word' id='word_1_367' title='bbox 1820 2415 1948 2453; x_wconf 89' lang='lat' dir='ltr'>inueta</span> <span class='ocrx_word' id='word_1_368' title='bbox 1966 2426 1993 2453; x_wconf 92' lang='lat' dir='ltr'>u</span> 
     </span>
     <span class='ocr_line' id='line_1_117' title="bbox 1586 2478 1926 2527; baseline -0.003 -12"><span class='ocrx_word' id='word_1_369' title='bbox 1586 2489 1638 2515; x_wconf 89' lang='lat' dir='ltr'>na</span> <span class='ocrx_word' id='word_1_370' title='bbox 1656 2478 1824 2527; x_wconf 88' lang='lat' dir='ltr'>pretiosa</span> <span class='ocrx_word' id='word_1_371' title='bbox 1843 2489 1926 2514; x_wconf 89' lang='lat' dir='ltr'>mar</span> 
     </span>
     <span class='ocr_line' id='line_1_118' title="bbox 1585 2539 1947 2589; baseline 0 -11"><span class='ocrx_word' id='word_1_372' title='bbox 1585 2539 1706 2589; x_wconf 89' lang='lat' dir='ltr'>garita</span> <span class='ocrx_word' id='word_1_373' title='bbox 1722 2560 1732 2569; x_wconf 89' lang='lat'><strong>·</strong></span> <span class='ocrx_word' id='word_1_374' title='bbox 1774 2539 1864 2577; x_wconf 89' lang='lat' dir='ltr'>abiit</span> <span class='ocrx_word' id='word_1_375' title='bbox 1909 2546 1947 2578; x_wconf 91' lang='lat' dir='ltr'>et</span> 
     </span>
     <span class='ocr_line' id='line_1_119' title="bbox 1584 2602 1908 2640; baseline -0.003 0"><span class='ocrx_word' id='word_1_376' title='bbox 1584 2602 1757 2640; x_wconf 90' lang='lat' dir='ltr'>uendidit</span> <span class='ocrx_word' id='word_1_377' title='bbox 1776 2602 1908 2640; x_wconf 86' lang='lat' dir='ltr'>omnia</span> 
     </span>
     <span class='ocr_line' id='line_1_120' title="bbox 1586 2663 1935 2715; baseline 0 -13"><span class='ocrx_word' id='word_1_378' title='bbox 1586 2677 1686 2715; x_wconf 92' lang='lat' dir='ltr'>quae</span> <span class='ocrx_word' id='word_1_379' title='bbox 1704 2663 1838 2702; x_wconf 91' lang='lat' dir='ltr'>habuit</span> <span class='ocrx_word' id='word_1_380' title='bbox 1857 2669 1894 2702; x_wconf 89' lang='lat' dir='ltr'>et</span> <span class='ocrx_word' id='word_1_381' title='bbox 1913 2676 1935 2703; x_wconf 96' lang='lat' dir='ltr'>e</span> 
     </span>
     <span class='ocr_line' id='line_1_121' title="bbox 1585 2726 1934 2766; baseline 0 -1"><span class='ocrx_word' id='word_1_382' title='bbox 1585 2727 1656 2765; x_wconf 90' lang='lat' dir='ltr'>mit</span> <span class='ocrx_word' id='word_1_383' title='bbox 1674 2726 1778 2765; x_wconf 89' lang='lat' dir='ltr'>illam</span> <span class='ocrx_word' id='word_1_384' title='bbox 1794 2747 1803 2757; x_wconf 91' lang='lat'><em>·</em></span> <span class='ocrx_word' id='word_1_385' title='bbox 1832 2727 1861 2748; x_wconf 83' lang='lat'>⁴⁷</span> <span class='ocrx_word' id='word_1_386' title='bbox 1876 2726 1934 2766; x_wconf 88' lang='lat' dir='ltr'>Ite</span> 
     </span>
     <span class='ocr_line' id='line_1_122' title="bbox 1585 2789 1893 2829; baseline 0.003 -1"><span class='ocrx_word' id='word_1_387' title='bbox 1585 2801 1672 2828; x_wconf 87' lang='lat' dir='ltr'>rum</span> <span class='ocrx_word' id='word_1_388' title='bbox 1691 2789 1813 2829; x_wconf 90' lang='lat' dir='ltr'>simile</span> <span class='ocrx_word' id='word_1_389' title='bbox 1835 2795 1893 2829; x_wconf 85' lang='lat' dir='ltr'>est</span> 
     </span>
    </p>
   </div>
   <div class='ocr_carea' id='block_1_11' title="bbox 2302 217 2561 262">
    <p class='ocr_par' dir='ltr' id='par_1_30' title="bbox 2302 217 2561 262">
     <span class='ocr_line' id='line_1_123' title="bbox 2302 217 2561 262; baseline -0.004 -10"><span class='ocrx_word' id='word_1_390' title='bbox 2302 217 2415 261; x_wconf 87' lang='lat' dir='ltr'>[XIII.</span> <span class='ocrx_word' id='word_1_391' title='bbox 2430 228 2561 262; x_wconf 83' lang='lat'><strong>30-54.</strong></span> 
     </span>
    </p>
   </div>
   <div class='ocr_carea' id='block_1_12' title="bbox 2087 324 2506 1053">
    <p class='ocr_par' dir='ltr' id='par_1_31' title="bbox 2088 324 2491 626">
     <span class='ocr_line' id='line_1_124' title="bbox 2092 324 2491 376; baseline 0.005 -13"><span class='ocrx_word' id='word_1_392' title='bbox 2092 324 2274 376; x_wconf 88' lang='lat' dir='ltr'>Regnum</span> <span class='ocrx_word' id='word_1_393' title='bbox 2295 325 2491 365; x_wconf 74' lang='lat' dir='ltr'>caeloru’·</span> 
     </span>
     <span class='ocr_line' id='line_1_125' title="bbox 2090 388 2450 428; baseline 0.008 -3"><span class='ocrx_word' id='word_1_394' title='bbox 2090 388 2160 426; x_wconf 89' lang='lat' dir='ltr'>reti</span> <span class='ocrx_word' id='word_1_395' title='bbox 2179 388 2302 427; x_wconf 89' lang='lat' dir='ltr'>misso</span> <span class='ocrx_word' id='word_1_396' title='bbox 2324 389 2365 427; x_wconf 91' lang='lat' dir='ltr'>in</span> <span class='ocrx_word' id='word_1_397' title='bbox 2384 401 2450 428; x_wconf 88' lang='lat' dir='ltr'>ma</span> 
     </span>
     <span class='ocr_line' id='line_1_126' title="bbox 2089 450 2450 501; baseline 0.008 -14"><span class='ocrx_word' id='word_1_398' title='bbox 2089 450 2120 488; x_wconf 91' lang='lat' dir='ltr'>ri</span> <span class='ocrx_word' id='word_1_399' title='bbox 2137 471 2146 480; x_wconf 92' lang='lat'><strong>·</strong></span> <span class='ocrx_word' id='word_1_400' title='bbox 2187 450 2295 501; x_wconf 92' lang='lat' dir='ltr'>quod</span> <span class='ocrx_word' id='word_1_401' title='bbox 2314 463 2363 490; x_wconf 85' lang='lat' dir='ltr'>ex</span> <span class='ocrx_word' id='word_1_402' title='bbox 2382 463 2450 490; x_wconf 90' lang='lat' dir='ltr'>om</span> 
     </span>
     <span class='ocr_line' id='line_1_127' title="bbox 2089 514 2421 564; baseline 0.006 -13"><span class='ocrx_word' id='word_1_403' title='bbox 2089 525 2140 551; x_wconf 90' lang='lat' dir='ltr'>ne</span> <span class='ocrx_word' id='word_1_404' title='bbox 2160 525 2302 564; x_wconf 88' lang='lat' dir='ltr'>genere</span> <span class='ocrx_word' id='word_1_405' title='bbox 2324 514 2421 564; x_wconf 89' lang='lat' dir='ltr'>pisci</span> 
     </span>
     <span class='ocr_line' id='line_1_128' title="bbox 2088 575 2357 626; baseline 0.004 -12"><span class='ocrx_word' id='word_1_406' title='bbox 2088 587 2157 614; x_wconf 91' lang='lat' dir='ltr'>um</span> <span class='ocrx_word' id='word_1_407' title='bbox 2176 575 2332 626; x_wconf 89' lang='lat' dir='ltr'>collegit</span> <span class='ocrx_word' id='word_1_408' title='bbox 2347 597 2357 607; x_wconf 90' lang='lat'><strong>·</strong></span> 
     </span>
    </p>

    <p class='ocr_par' dir='ltr' id='par_1_32' title="bbox 2087 637 2506 803">
     <span class='ocr_line' id='line_1_129' title="bbox 2088 637 2506 678; baseline 0 -1"><span class='ocrx_word' id='word_1_409' title='bbox 2088 637 2117 659; x_wconf 78' lang='lat'>⁴⁸</span> <span class='ocrx_word' id='word_1_410' title='bbox 2130 637 2232 677; x_wconf 91' lang='lat' dir='ltr'>Cum</span> <span class='ocrx_word' id='word_1_411' title='bbox 2251 645 2380 678; x_wconf 89' lang='lat' dir='ltr'>autem</span> <span class='ocrx_word' id='word_1_412' title='bbox 2404 644 2506 677; x_wconf 90' lang='lat' dir='ltr'>esset</span> 
     </span>
     <span class='ocr_line' id='line_1_130' title="bbox 2087 700 2459 751; baseline 0.005 -13"><span class='ocrx_word' id='word_1_413' title='bbox 2087 700 2288 751; x_wconf 90' lang='lat' dir='ltr'>impletum</span> <span class='ocrx_word' id='word_1_414' title='bbox 2304 721 2313 731; x_wconf 92' lang='lat'><strong>·</strong></span> <span class='ocrx_word' id='word_1_415' title='bbox 2356 700 2459 741; x_wconf 82' lang='lat' dir='ltr'>edux</span> 
     </span>
     <span class='ocr_line' id='line_1_131' title="bbox 2088 763 2406 803; baseline 0 -1"><span class='ocrx_word' id='word_1_416' title='bbox 2088 769 2201 802; x_wconf 91' lang='lat' dir='ltr'>erunt</span> <span class='ocrx_word' id='word_1_417' title='bbox 2220 763 2271 803; x_wconf 89' lang='lat' dir='ltr'>ad</span> <span class='ocrx_word' id='word_1_418' title='bbox 2289 763 2379 802; x_wconf 88' lang='lat' dir='ltr'>litus</span> <span class='ocrx_word' id='word_1_419' title='bbox 2397 784 2406 794; x_wconf 94' lang='lat'><strong>·</strong></span> 
     </span>
    </p>

    <p class='ocr_par' dir='ltr' id='par_1_33' title="bbox 2089 825 2468 1053">
     <span class='ocr_line' id='line_1_132' title="bbox 2089 825 2468 876; baseline 0 -12"><span class='ocrx_word' id='word_1_420' title='bbox 2089 825 2140 864; x_wconf 92' lang='lat' dir='ltr'>Et</span> <span class='ocrx_word' id='word_1_421' title='bbox 2161 825 2339 865; x_wconf 86' lang='lat' dir='ltr'>sedentes</span> <span class='ocrx_word' id='word_1_422' title='bbox 2358 825 2468 876; x_wconf 91' lang='lat' dir='ltr'>elege</span> 
     </span>
     <span class='ocr_line' id='line_1_133' title="bbox 2089 888 2455 928; baseline 0.003 -2"><span class='ocrx_word' id='word_1_423' title='bbox 2089 893 2178 927; x_wconf 91' lang='lat' dir='ltr'>runt</span> <span class='ocrx_word' id='word_1_424' title='bbox 2197 888 2325 927; x_wconf 87' lang='lat' dir='ltr'>bonos</span> <span class='ocrx_word' id='word_1_425' title='bbox 2344 888 2384 926; x_wconf 89' lang='lat' dir='ltr'>in</span> <span class='ocrx_word' id='word_1_426' title='bbox 2403 900 2455 928; x_wconf 91' lang='lat' dir='ltr'>ua</span> 
     </span>
     <span class='ocr_line' id='line_1_134' title="bbox 2089 951 2454 1001; baseline 0.003 -12"><span class='ocrx_word' id='word_1_427' title='bbox 2089 951 2142 989; x_wconf 88' lang='lat' dir='ltr'>sis</span> <span class='ocrx_word' id='word_1_428' title='bbox 2194 963 2319 1001; x_wconf 88' lang='lat' dir='ltr'>nugas</span> <span class='ocrx_word' id='word_1_429' title='bbox 2338 957 2454 991; x_wconf 60' lang='lat' dir='ltr'>aute*</span> 
     </span>
     <span class='ocr_line' id='line_1_135' title="bbox 2089 1012 2410 1053; baseline 0.006 -2"><span class='ocrx_word' id='word_1_430' title='bbox 2089 1012 2181 1052; x_wconf 88' lang='lat' dir='ltr'>foris</span> <span class='ocrx_word' id='word_1_431' title='bbox 2200 1013 2385 1053; x_wconf 88' lang='lat' dir='ltr'>miserunt</span> <span class='ocrx_word' id='word_1_432' title='bbox 2400 1034 2410 1045; x_wconf 92' lang='lat'><strong>·</strong></span> 
     </span>
    </p>
   </div>
   <div class='ocr_carea' id='block_1_13' title="bbox 2039 1072 2511 1115">
    <p class='ocr_par' dir='ltr' id='par_1_34' title="bbox 2039 1072 2511 1115">
     <span class='ocr_line' id='line_1_136' title="bbox 2039 1072 2511 1115; baseline 0.002 -1"><span class='ocrx_word' id='word_1_433' title='bbox 2039 1072 2043 1074; x_wconf 74' lang='grc'><strong>’</strong></span> <span class='ocrx_word' id='word_1_434' title='bbox 2089 1075 2118 1097; x_wconf 78' lang='lat'>⁴⁹</span> <span class='ocrx_word' id='word_1_435' title='bbox 2132 1074 2194 1114; x_wconf 91' lang='lat' dir='ltr'>Sic</span> <span class='ocrx_word' id='word_1_436' title='bbox 2214 1075 2283 1114; x_wconf 89' lang='lat' dir='ltr'>erit</span> <span class='ocrx_word' id='word_1_437' title='bbox 2301 1075 2341 1114; x_wconf 90' lang='lat' dir='ltr'>in</span> <span class='ocrx_word' id='word_1_438' title='bbox 2360 1083 2511 1115; x_wconf 73' lang='lat' dir='ltr'>consu·</span> 
     </span>
    </p>
   </div>
   <div class='ocr_carea' id='block_1_14' title="bbox 2089 1138 2467 1563">
    <p class='ocr_par' dir='ltr' id='par_1_35' title="bbox 2089 1138 2467 1563">
     <span class='ocr_line' id='line_1_137' title="bbox 2089 1138 2449 1178; baseline 0 -2"><span class='ocrx_word' id='word_1_439' title='bbox 2089 1138 2261 1177; x_wconf 89' lang='lat' dir='ltr'>matione</span> <span class='ocrx_word' id='word_1_440' title='bbox 2280 1138 2424 1178; x_wconf 89' lang='lat' dir='ltr'>saeculi</span> <span class='ocrx_word' id='word_1_441' title='bbox 2439 1159 2449 1169; x_wconf 85' lang='lat'><strong>·</strong></span> 
     </span>
     <span class='ocr_line' id='line_1_138' title="bbox 2090 1199 2467 1251; baseline 0.003 -12"><span class='ocrx_word' id='word_1_442' title='bbox 2090 1199 2262 1239; x_wconf 86' lang='lat' dir='ltr'>Exibunt</span> <span class='ocrx_word' id='word_1_443' title='bbox 2281 1201 2408 1251; x_wconf 89' lang='lat' dir='ltr'>angeli</span> <span class='ocrx_word' id='word_1_444' title='bbox 2427 1207 2467 1240; x_wconf 90' lang='lat' dir='ltr'>et</span> 
     </span>
     <span class='ocr_line' id='line_1_139' title="bbox 2091 1264 2412 1314; baseline 0.003 -12"><span class='ocrx_word' id='word_1_445' title='bbox 2091 1264 2327 1314; x_wconf 83' lang='lat' dir='ltr'>separabunt</span> <span class='ocrx_word' id='word_1_446' title='bbox 2345 1275 2412 1303; x_wconf 87' lang='lat' dir='ltr'>ma</span> 
     </span>
     <span class='ocr_line' id='line_1_140' title="bbox 2089 1325 2447 1365; baseline 0.003 -1"><span class='ocrx_word' id='word_1_447' title='bbox 2089 1325 2150 1364; x_wconf 89' lang='lat' dir='ltr'>los</span> <span class='ocrx_word' id='word_1_448' title='bbox 2169 1325 2218 1364; x_wconf 93' lang='lat' dir='ltr'>de</span> <span class='ocrx_word' id='word_1_449' title='bbox 2237 1326 2368 1365; x_wconf 88' lang='lat' dir='ltr'>medio</span> <span class='ocrx_word' id='word_1_450' title='bbox 2387 1326 2447 1365; x_wconf 87' lang='lat' dir='ltr'>ius</span> 
     </span>
     <span class='ocr_line' id='line_1_141' title="bbox 2091 1387 2430 1427; baseline 0.003 -1"><span class='ocrx_word' id='word_1_451' title='bbox 2091 1393 2219 1426; x_wconf 89' lang='lat' dir='ltr'>torum</span> <span class='ocrx_word' id='word_1_452' title='bbox 2261 1387 2290 1409; x_wconf 83' lang='lat'>‘⁵⁰</span> <span class='ocrx_word' id='word_1_453' title='bbox 2302 1394 2340 1427; x_wconf 92' lang='lat' dir='ltr'>et</span> <span class='ocrx_word' id='word_1_454' title='bbox 2358 1389 2430 1427; x_wconf 92' lang='lat' dir='ltr'>mit</span> 
     </span>
     <span class='ocr_line' id='line_1_142' title="bbox 2090 1450 2440 1490; baseline 0 -2"><span class='ocrx_word' id='word_1_455' title='bbox 2090 1455 2172 1489; x_wconf 87' lang='lat' dir='ltr'>tent</span> <span class='ocrx_word' id='word_1_456' title='bbox 2191 1462 2259 1488; x_wconf 90' lang='lat' dir='ltr'>eos</span> <span class='ocrx_word' id='word_1_457' title='bbox 2278 1450 2318 1488; x_wconf 90' lang='lat' dir='ltr'>in</span> <span class='ocrx_word' id='word_1_458' title='bbox 2338 1450 2440 1490; x_wconf 87' lang='lat' dir='ltr'>cami</span> 
     </span>
     <span class='ocr_line' id='line_1_143' title="bbox 2090 1512 2463 1563; baseline 0.003 -12"><span class='ocrx_word' id='word_1_459' title='bbox 2090 1524 2186 1551; x_wconf 90' lang='lat' dir='ltr'>num</span> <span class='ocrx_word' id='word_1_460' title='bbox 2207 1512 2310 1563; x_wconf 89' lang='lat' dir='ltr'>ignis</span> <span class='ocrx_word' id='word_1_461' title='bbox 2323 1533 2332 1543; x_wconf 93' lang='lat'><strong>·</strong></span> <span class='ocrx_word' id='word_1_462' title='bbox 2372 1513 2422 1552; x_wconf 91' lang='lat' dir='ltr'>ibi</span> <span class='ocrx_word' id='word_1_463' title='bbox 2441 1524 2463 1552; x_wconf 92' lang='lat' dir='ltr'>e</span> 
     </span>
    </p>
   </div>
   <div class='ocr_carea' id='block_1_15' title="bbox 2090 1600 2498 2453">
    <p class='ocr_par' dir='ltr' id='par_1_36' title="bbox 2090 1600 2412 1703">
     <span class='ocr_line' id='line_1_144' title="bbox 2090 1600 2412 1641; baseline 0.003 -2"><span class='ocrx_word' id='word_1_464' title='bbox 2090 1601 2137 1639; x_wconf 84' lang='lat' dir='ltr'>rit</span> <span class='ocrx_word' id='word_1_465' title='bbox 2156 1600 2268 1640; x_wconf 86' lang='lat' dir='ltr'>fletus</span> <span class='ocrx_word' id='word_1_466' title='bbox 2290 1608 2328 1640; x_wconf 89' lang='lat' dir='ltr'>et</span> <span class='ocrx_word' id='word_1_467' title='bbox 2347 1602 2412 1641; x_wconf 90' lang='lat' dir='ltr'>stri</span> 
     </span>
     <span class='ocr_line' id='line_1_145' title="bbox 2091 1663 2409 1703; baseline 0 -1"><span class='ocrx_word' id='word_1_468' title='bbox 2091 1663 2163 1703; x_wconf 91' lang='lat' dir='ltr'>dor</span> <span class='ocrx_word' id='word_1_469' title='bbox 2182 1663 2354 1702; x_wconf 88' lang='lat' dir='ltr'>dentium</span> <span class='ocrx_word' id='word_1_470' title='bbox 2369 1685 2409 1695; x_wconf 91' lang='lat'>·-</span> 
     </span>
    </p>

    <p class='ocr_par' dir='ltr' id='par_1_37' title="bbox 2091 1726 2498 2453">
     <span class='ocr_line' id='line_1_146' title="bbox 2091 1726 2498 1766; baseline 0 -1"><span class='ocrx_word' id='word_1_471' title='bbox 2091 1726 2120 1747; x_wconf 80' lang='lat'>⁶¹</span> <span class='ocrx_word' id='word_1_472' title='bbox 2133 1726 2236 1766; x_wconf 91' lang='lat' dir='ltr'>Dicit</span> <span class='ocrx_word' id='word_1_473' title='bbox 2257 1726 2311 1765; x_wconf 91' lang='lat' dir='ltr'>eis</span> <span class='ocrx_word' id='word_1_474' title='bbox 2328 1726 2387 1766; x_wconf 83' lang='lat' dir='ltr'>ihs</span> <span class='ocrx_word' id='word_1_475' title='bbox 2405 1727 2498 1766; x_wconf 90' lang='lat' dir='ltr'>intel</span> 
     </span>
     <span class='ocr_line' id='line_1_147' title="bbox 2092 1789 2438 1829; baseline 0.006 -2"><span class='ocrx_word' id='word_1_476' title='bbox 2092 1789 2258 1827; x_wconf 86' lang='lat' dir='ltr'>lexsistis</span> <span class='ocrx_word' id='word_1_477' title='bbox 2277 1789 2349 1828; x_wconf 89' lang='lat' dir='ltr'>hec</span> <span class='ocrx_word' id='word_1_478' title='bbox 2370 1802 2438 1829; x_wconf 91' lang='lat' dir='ltr'>om</span> 
     </span>
     <span class='ocr_line' id='line_1_148' title="bbox 2093 1851 2408 1890; baseline 0 0"><span class='ocrx_word' id='word_1_479' title='bbox 2093 1852 2157 1890; x_wconf 86' lang='lat' dir='ltr'>nia</span> <span class='ocrx_word' id='word_1_480' title='bbox 2172 1872 2181 1882; x_wconf 92' lang='lat'><strong>·</strong></span> <span class='ocrx_word' id='word_1_481' title='bbox 2222 1851 2354 1890; x_wconf 91' lang='lat' dir='ltr'>dicunt</span> <span class='ocrx_word' id='word_1_482' title='bbox 2372 1852 2408 1890; x_wconf 91' lang='lat' dir='ltr'>ei</span> 
     </span>
     <span class='ocr_line' id='line_1_149' title="bbox 2093 1913 2453 1964; baseline 0.003 -12"><span class='ocrx_word' id='word_1_483' title='bbox 2093 1915 2224 1964; x_wconf 85' lang='lat' dir='ltr'>utique</span> <span class='ocrx_word' id='word_1_484' title='bbox 2244 1914 2320 1953; x_wconf 79' lang='lat' dir='ltr'>dfie</span> <span class='ocrx_word' id='word_1_485' title='bbox 2334 1935 2343 1945; x_wconf 94' lang='lat'><strong>·</strong></span> <span class='ocrx_word' id='word_1_486' title='bbox 2373 1913 2403 1936; x_wconf 85' lang='lat'>⁶²</span> <span class='ocrx_word' id='word_1_487' title='bbox 2415 1921 2453 1953; x_wconf 92' lang='lat' dir='ltr'>et</span> 
     </span>
     <span class='ocr_line' id='line_1_150' title="bbox 2094 1977 2473 2016; baseline 0 0"><span class='ocrx_word' id='word_1_488' title='bbox 2094 1977 2145 2016; x_wconf 89' lang='lat' dir='ltr'>ait</span> <span class='ocrx_word' id='word_1_489' title='bbox 2163 1977 2237 2016; x_wconf 89' lang='lat' dir='ltr'>illis</span> <span class='ocrx_word' id='word_1_490' title='bbox 2289 1977 2387 2016; x_wconf 90' lang='lat' dir='ltr'>Ideo</span> <span class='ocrx_word' id='word_1_491' title='bbox 2405 1990 2473 2016; x_wconf 91' lang='lat' dir='ltr'>om</span> 
     </span>
     <span class='ocr_line' id='line_1_151' title="bbox 2094 2039 2396 2078; baseline 0.003 -1"><span class='ocrx_word' id='word_1_492' title='bbox 2094 2040 2153 2077; x_wconf 91' lang='lat' dir='ltr'>nis</span> <span class='ocrx_word' id='word_1_493' title='bbox 2177 2039 2301 2078; x_wconf 86' lang='lat' dir='ltr'>scriba</span> <span class='ocrx_word' id='word_1_494' title='bbox 2320 2039 2396 2078; x_wconf 92' lang='lat' dir='ltr'>doc</span> 
     </span>
     <span class='ocr_line' id='line_1_152' title="bbox 2093 2102 2444 2152; baseline 0 -12"><span class='ocrx_word' id='word_1_495' title='bbox 2093 2109 2154 2141; x_wconf 86' lang='lat' dir='ltr'>tus</span> <span class='ocrx_word' id='word_1_496' title='bbox 2174 2102 2214 2140; x_wconf 89' lang='lat' dir='ltr'>in</span> <span class='ocrx_word' id='word_1_497' title='bbox 2233 2114 2355 2152; x_wconf 88' lang='lat' dir='ltr'>regno</span> <span class='ocrx_word' id='word_1_498' title='bbox 2375 2114 2444 2140; x_wconf 90' lang='lat' dir='ltr'>cae</span> 
     </span>
     <span class='ocr_line' id='line_1_153' title="bbox 2092 2165 2424 2204; baseline 0 -1"><span class='ocrx_word' id='word_1_499' title='bbox 2092 2165 2222 2204; x_wconf 92' lang='lat' dir='ltr'>lorum</span> <span class='ocrx_word' id='word_1_500' title='bbox 2238 2186 2246 2195; x_wconf 92' lang='lat'><strong>·</strong></span> <span class='ocrx_word' id='word_1_501' title='bbox 2284 2165 2424 2203; x_wconf 86' lang='lat' dir='ltr'>Similis</span> 
     </span>
     <span class='ocr_line' id='line_1_154' title="bbox 2093 2227 2434 2278; baseline 0.003 -12"><span class='ocrx_word' id='word_1_502' title='bbox 2093 2235 2151 2266; x_wconf 89' lang='lat' dir='ltr'>est</span> <span class='ocrx_word' id='word_1_503' title='bbox 2169 2227 2318 2266; x_wconf 91' lang='lat' dir='ltr'>homini</span> <span class='ocrx_word' id='word_1_504' title='bbox 2337 2228 2434 2278; x_wconf 88' lang='lat' dir='ltr'>patri</span> 
     </span>
     <span class='ocr_line' id='line_1_155' title="bbox 2092 2289 2339 2339; baseline 0.004 -12"><span class='ocrx_word' id='word_1_505' title='bbox 2092 2290 2253 2328; x_wconf 88' lang='lat' dir='ltr'>familias</span> <span class='ocrx_word' id='word_1_506' title='bbox 2273 2289 2339 2339; x_wconf 90' lang='lat' dir='ltr'>qui</span> 
     </span>
     <span class='ocr_line' id='line_1_156' title="bbox 2092 2351 2434 2402; baseline -0.003 -12"><span class='ocrx_word' id='word_1_507' title='bbox 2092 2351 2235 2402; x_wconf 89' lang='lat' dir='ltr'>profert</span> <span class='ocrx_word' id='word_1_508' title='bbox 2254 2351 2303 2389; x_wconf 92' lang='lat' dir='ltr'>de</span> <span class='ocrx_word' id='word_1_509' title='bbox 2322 2351 2434 2390; x_wconf 88' lang='lat' dir='ltr'>thens</span> 
     </span>
     <span class='ocr_line' id='line_1_157' title="bbox 2091 2426 2405 2453; baseline -0.003 0"><span class='ocrx_word' id='word_1_510' title='bbox 2091 2426 2186 2453; x_wconf 90' lang='lat' dir='ltr'>auro</span> <span class='ocrx_word' id='word_1_511' title='bbox 2209 2426 2280 2453; x_wconf 91' lang='lat' dir='ltr'>suo</span> <span class='ocrx_word' id='word_1_512' title='bbox 2301 2426 2405 2452; x_wconf 90' lang='lat' dir='ltr'>noua</span> 
     </span>
    </p>
   </div>
   <div class='ocr_carea' id='block_1_16' title="bbox 2091 2472 2386 2515">
    <p class='ocr_par' dir='ltr' id='par_1_38' title="bbox 2091 2472 2386 2515">
     <span class='ocr_line' id='line_1_158' title="bbox 2091 2472 2386 2515; baseline -0.003 0"><span class='ocrx_word' id='word_1_513' title='bbox 2091 2483 2129 2515; x_wconf 93' lang='lat' dir='ltr'>et</span> <span class='ocrx_word' id='word_1_514' title='bbox 2147 2482 2279 2515; x_wconf 87' lang='lat' dir='ltr'>uetera</span> <span class='ocrx_word' id='word_1_515' title='bbox 2295 2497 2304 2506; x_wconf 91' lang='lat'><strong>·</strong></span> <span class='ocrx_word' id='word_1_516' title='bbox 2320 2472 2386 2506; x_wconf 41' lang='grc' dir='ltr'>«ἶ</span> 
     </span>
    </p>
   </div>
   <div class='ocr_carea' id='block_1_17' title="bbox 2061 2537 2535 2713">
    <p class='ocr_par' dir='ltr' id='par_1_39' title="bbox 2061 2537 2535 2713">
     <span class='ocr_line' id='line_1_159' title="bbox 2062 2537 2535 2578; baseline 0.006 -3"><span class='ocrx_word' id='word_1_517' title='bbox 2062 2537 2081 2559; x_wconf 96' lang='grc'>*</span> <span class='ocrx_word' id='word_1_518' title='bbox 2093 2538 2122 2559; x_wconf 78' lang='lat'>⁵⁸</span> <span class='ocrx_word' id='word_1_519' title='bbox 2134 2538 2185 2576; x_wconf 93' lang='lat' dir='ltr'>Et</span> <span class='ocrx_word' id='word_1_520' title='bbox 2203 2538 2348 2576; x_wconf 87' lang='lat' dir='ltr'>factum</span> <span class='ocrx_word' id='word_1_521' title='bbox 2365 2545 2424 2577; x_wconf 89' lang='lat' dir='ltr'>est</span> <span class='ocrx_word' id='word_1_522' title='bbox 2443 2551 2535 2578; x_wconf 89' lang='lat' dir='ltr'>cum</span> 
     </span>
     <span class='ocr_line' id='line_1_160' title="bbox 2061 2600 2401 2639; baseline 0.003 -1"><span class='ocrx_word' id='word_1_523' title='bbox 2061 2600 2080 2622; x_wconf 92' lang='lat'><em>*</em></span> <span class='ocrx_word' id='word_1_524' title='bbox 2093 2606 2401 2639; x_wconf 88' lang='lat' dir='ltr'>consummasset</span> 
     </span>
     <span class='ocr_line' id='line_1_161' title="bbox 2061 2661 2376 2713; baseline 0.003 -12"><span class='ocrx_word' id='word_1_525' title='bbox 2061 2661 2151 2701; x_wconf 82' lang='lat' dir='ltr'>*ihs</span> <span class='ocrx_word' id='word_1_526' title='bbox 2174 2663 2376 2713; x_wconf 88' lang='lat' dir='ltr'>parabolas</span> 
     </span>
    </p>
   </div>
   <div class='ocr_carea' id='block_1_18' title="bbox 2089 2725 2456 2827">
    <p class='ocr_par' dir='ltr' id='par_1_40' title="bbox 2089 2725 2456 2827">
     <span class='ocr_line' id='line_1_162' title="bbox 2089 2725 2453 2764; baseline -0.003 0"><span class='ocrx_word' id='word_1_527' title='bbox 2089 2726 2181 2764; x_wconf 90' lang='lat' dir='ltr'>istas</span> <span class='ocrx_word' id='word_1_528' title='bbox 2198 2746 2206 2756; x_wconf 93' lang='lat'><strong>·</strong></span> <span class='ocrx_word' id='word_1_529' title='bbox 2249 2725 2391 2764; x_wconf 89' lang='lat' dir='ltr'>trassiit</span> <span class='ocrx_word' id='word_1_530' title='bbox 2413 2725 2453 2764; x_wconf 91' lang='lat' dir='ltr'>in</span> 
     </span>
     <span class='ocr_line' id='line_1_163' title="bbox 2091 2788 2456 2827; baseline -0.003 0"><span class='ocrx_word' id='word_1_531' title='bbox 2091 2788 2139 2827; x_wconf 93' lang='lat' dir='ltr'>de</span> <span class='ocrx_word' id='word_1_532' title='bbox 2155 2809 2164 2819; x_wconf 93' lang='lat'><strong>·</strong></span> <span class='ocrx_word' id='word_1_533' title='bbox 2201 2788 2230 2810; x_wconf 78' lang='lat'>⁶⁴</span> <span class='ocrx_word' id='word_1_534' title='bbox 2240 2794 2278 2827; x_wconf 91' lang='lat' dir='ltr'>et</span> <span class='ocrx_word' id='word_1_535' title='bbox 2296 2789 2456 2827; x_wconf 89' lang='lat' dir='ltr'>ueniens</span> 
     </span>
    </p>
   </div>
   <div class='ocr_carea' id='block_1_19' title="bbox 2579 341 2736 375">
    <p class='ocr_par' dir='ltr' id='par_1_41' title="bbox 2579 341 2736 375">
     <span class='ocr_line' id='line_1_164' title="bbox 2579 341 2736 375; baseline -0.006 -1"><span class='ocrx_word' id='word_1_536' title='bbox 2579 341 2660 375; x_wconf 69' lang='lat'><strong>1¹01.</strong></span> <span class='ocrx_word' id='word_1_537' title='bbox 2677 341 2736 373; x_wconf 78' lang='lat'>85.</span> 
     </span>
    </p>
   </div>
  </div>
 </body>
</html>
