2872 3268
318 202 361 234 11.
382 202 516 242 17—111.
538 200 610 243 15.]

147 310 230 342 ποι.
247 311 281 344 5.
315 309 325 328 ‘
341 306 415 345 Per
434 307 658 346 hieremiam

315 371 326 390 ‘
339 369 533 419 profetam
553 371 592 409 di

313 435 323 452 ‘
339 438 491 471 centem
507 449 515 458 ·
559 432 673 471 1“uox

315 495 379 533 ‘in
397 507 507 534 rama
526 496 617 534 audi

314 561 377 596 ‘ta
394 564 453 596 est
470 582 478 590 ·
520 558 632 608 plora

315 621 324 638 ‘
340 626 400 658 tus
420 626 457 658 et
475 620 640 659 ululatus

312 686 323 702 ‘
335 683 477 722 multus
494 701 501 709 ·
546 695 589 722 ra

309 747 320 766 ‘
334 745 420 784 chel
438 757 600 796 prorans
619 745 645 782 fi

309 807 404 847 ‘lios
424 820 540 846 suos·
584 814 622 847 et
640 820 693 846 no

308 871 400 908 ‘luit
419 870 611 909 consolari

307 935 318 953 ‘
331 933 422 983 quia
440 944 523 971 non
542 939 632 971 sunt
649 951 656 959 ·

305 994 535 1034 ¹‘'Defuncto
555 1001 687 1033 autem

306 1057 452 1096 herode
469 1078 476 1086 ·
519 1057 624 1096 Ecce

305 1120 467 1170 angelus
487 1121 553 1158 dni
573 1133 623 1171 ap

304 1183 429 1234 paruit
446 1183 486 1221 in
506 1195 592 1222 som

305 1246 365 1285 nis
383 1246 519 1296 ioseph
538 1246 578 1283 in
597 1259 643 1285 ae

305 1315 425 1360 gypto
443 1309 613 1348 ²⁰dicens
629 1327 637 1335 ·

306 1371 430 1422 Surge
450 1373 583 1422 accipe
602 1385 655 1422 pu

301 1447 410 1474 erum
431 1442 468 1474 et
486 1438 584 1473 mtre

301 1498 383 1536 eius
403 1504 441 1535 et
459 1498 559 1536 uade
579 1498 619 1535 in

299 1591 441 1624 terram
459 1586 504 1624 isl
521 1602 530 1611 ·
573 1598 661 1624 mor

300 1649 355 1686 tui
375 1654 463 1687 sunt
482 1649 585 1687 enim
605 1650 672 1698 qui

302 1712 516 1762 querebant
535 1712 598 1749 ani

298 1786 404 1812 mam
423 1774 530 1824 pueri
543 1791 551 1800 ·

298 1835 385 1874 ”Et
404 1849 567 1886 surgens
586 1848 679 1876 acce

290 1890 354 1950 'pit
371 1911 534 1949 puerum
553 1906 592 1938 et

296 1968 461 2000 matrem
480 1962 561 2000 eius

296 2030 334 2064 et
353 2026 460 2064 uenit
478 2026 518 2062 in
537 2032 664 2064 terra*

296 2087 342 2126 i‘s'l
357 2109 364 2117 ·
405 2088 616 2126 ²²Audiens

295 2157 425 2190 autem
444 2150 549 2202 quod
567 2163 609 2189 ar

296 2213 454 2252 chelaus
473 2226 595 2264 regna

294 2283 353 2315 ret
370 2277 411 2314 in
433 2276 547 2315 iudea

295 2351 368 2390 pro
392 2339 536 2378 herode
555 2351 608 2390 pa

294 2409 350 2441 tre
371 2414 443 2441 suo
461 2403 587 2441 timuit

293 2465 382 2504 illuc
400 2465 454 2504 ire
471 2486 479 2494 ·
522 2465 590 2504 Ad

296 2528 468 2567 monitus
487 2532 575 2566 aute

294 2591 335 2630 in
356 2591 504 2629 somnis
516 2608 524 2617 ·
564 2590 625 2629 Re

295 2654 410 2692 cessit
428 2654 468 2691 in
486 2654 603 2703 partis

295 2713 481 2768 galileae]-
511 2715 584 2754 ²³et
602 2728 650 2754 ue

295 2778 409 2817 niens
426 2777 614 2818 habitauit
626 2781 650 2820 †

1131 196 1220 235 MA
1232 190 1460 236 TTHEU·

819 308 866 346 In
887 308 1082 347 ciuitatem

816 383 918 420 quae
935 377 1096 409 uocatur

815 433 997 471 nazareth
1010 453 1018 461 ·
1058 439 1101 472 ut

814 495 1087 546 adimpleretur

813 558 920 608 quod
939 557 1086 596 dictum

812 626 870 658 est
888 632 958 670 per
973 619 1084 670 profe

810 689 869 721 tas
885 700 893 708 ·
937 683 1027 733 quia
1045 695 1144 722 nazo

809 757 897 783 reus
918 746 1059 785 uocabi

809 814 969 846 1:111·OE
1014 825 1069 841 m
1114 826 1168 842 m

808 887 1168 905 mmmm

773 930 791 952 *
807 937 844 972 3.
875 933 942 971 1In
960 932 1031 972 illis
1050 933 1186 972 diebus
1199 951 1207 960 ·

772 993 791 1015 *
806 996 912 1035 uenit
930 995 1048 1035 iohan

774 1059 794 1082 *
807 1071 877 1097 nes
898 1060 1065 1109 baptista
1082 1081 1090 1088 ·

774 1119 792 1141 *
806 1120 821 1140 ²
834 1121 1039 1172 predicans
1058 1122 1098 1159 in

774 1183 794 1204 *
809 1185 961 1223 deserto
980 1184 1068 1223 iude

774 1245 793 1267 *
808 1260 854 1286 ae
867 1264 875 1272 ·
920 1247 1052 1286 dicens
1066 1265 1073 1272 ·
1115 1259 1164 1296 pe

773 1308 792 1330 *
806 1310 1005 1348 nitentiam
1025 1310 1088 1360 agi

774 1371 843 1411 *te
883 1373 1077 1423 adpropin

802 1437 934 1485 quauit
951 1436 1055 1474 enim

802 1511 966 1549 regnum
985 1498 1115 1536 celorfi

802 1585 901 1623 ⁸Hic
922 1590 979 1623 est
998 1585 1103 1623 enirn
1122 1584 1188 1634 qui

803 1648 928 1687 dictus
947 1655 1006 1686 est
1021 1666 1029 1673 ·
1073 1660 1143 1697 per

801 1712 947 1750 esaiam
966 1710 1076 1761 profe

799 1780 880 1812 tam
899 1774 1093 1812 dicentem
1109 1790 1117 1798 ·

799 1836 891 1875 on
911 1835 1113 1874 clamantis

798 1899 838 1937 in
858 1899 1010 1937 deserto
1057 1910 1109 1947 pa

797 1968 877 2000 rate
896 1961 1000 1999 uiam
1020 1960 1086 1999 dni
1102 1977 1110 1985 ·

797 2030 922 2064 rectas
940 2023 1054 2062 facite

798 2088 954 2125 semitas
976 2087 1080 2125 eius·

796 2148 908 2201 4Ipse
927 2157 1056 2189 autem
1076 2149 1114 2187 io

797 2213 947 2251 hannes
966 2213 1099 2251 habuit

795 2277 978 2315 uestitum
1001 2283 1102 2315 suu*
1117 2293 1125 2302 ·

798 2339 845 2378 de
861 2339 948 2390 pilis
967 2339 1106 2378 cameli
1123 2356 1130 2364 ·

795 2408 834 2440 et
853 2414 953 2440 zona
972 2402 1123 2451 pellicia

797 2476 914 2515 super
932 2464 1088 2502 lumbos

796 2527 903 2566 eius·
942 2538 1032 2565 esca
1050 2530 1138 2565 aute

795 2590 878 2628 eius
898 2595 977 2627 erat
996 2590 1105 2628 locus

793 2658 854 2691 tae
874 2658 912 2691 et
930 2652 1008 2690 mel
1027 2651 1141 2691 silues

793 2721 875 2753 tre·
905 2714 1023 2753 ⁵tunc
1042 2715 1125 2753 exsi

795 2777 911 2815 ebant
928 2776 978 2814 ad
997 2788 1087 2816 eum

1353 309 1628 360 Hierosolyma
1644 327 1651 335 ·

1352 377 1390 409 et
1409 372 1538 409 omnis
1561 372 1677 410 iudea

1350 439 1388 471 et
1408 434 1521 472 omnis
1539 434 1708 484 regionis

1349 496 1570 535 iordannis-
1614 497 1679 536 ⁶et

1348 557 1642 608 baptizabantur

1345 620 1386 657 in
1405 621 1595 661 iordanne

1345 682 1464 723 fluuio
1482 686 1532 723 ab
1549 685 1615 724 illo
1628 703 1637 711 ·

1344 747 1573 786 confitentes
1592 761 1664 798 pec

1343 814 1430 847 cata
1449 821 1539 848 sua·
1579 810 1651 849 ⁷Ui

1344 871 1440 911 dens
1459 879 1588 911 autem
1607 873 1688 911 mul

1344 940 1405 973 tos
1426 935 1653 974 fariseoru*·

1343 1003 1381 1035 et
1401 998 1643 1037 sadduceorfi

1340 1060 1561 1106 ueniendtes
1585 1061 1635 1099 ad

1341 1122 1576 1172 baptismum
1596 1136 1641 1162 su

1342 1189 1410 1214 um
1424 1195 1432 1202 ·
1477 1177 1571 1216 dixit
1591 1179 1645 1216 eis
1662 1199 1670 1207 ·

1341 1238 1552 1289 Progenies
1571 1241 1661 1290 uipe

1341 1313 1491 1340 rarum·
1534 1303 1620 1353 quis

1340 1364 1507 1403 ostendit
1525 1366 1636 1404 uobis

1340 1426 1472 1477 fugere
1492 1429 1542 1466 ab
1560 1429 1615 1466 ira

1337 1489 1462 1528 sutura
1478 1508 1486 1516 ·
1530 1490 1660 1530 8facite

1337 1591 1431 1628 ergo
1450 1577 1618 1617 fructum

1336 1644 1498 1694 dignum
1514 1645 1697 1694 paeniten

1335 1707 1410 1745 tiae
1424 1724 1432 1732 ·
1473 1707 1532 1745 ⁹et
1552 1708 1669 1746 nolite

1334 1769 1502 1819 preferre
1515 1782 1588 1809 uos

1335 1832 1506 1871 dicentes
1525 1833 1624 1871 intra

1334 1907 1406 1934 uos
1422 1916 1431 1925 ·
1473 1901 1621 1945 patrem

1332 1957 1521 1996 habemus
1540 1959 1634 1996 abra

1331 2020 1423 2059 ham
1439 2041 1447 2050 ·
1490 2021 1578 2059 dico
1598 2025 1662 2058 eni

1332 2084 1445 2122 uobis
1460 2087 1554 2133 qum
1574 2095 1627 2133 po

1333 2151 1419 2184 tens
1437 2152 1495 2184 est
1516 2145 1561 2183 ds
1608 2158 1657 2183 ex

1332 2207 1522 2259 lapidibus
1542 2208 1622 2246 istis
1640 2229 1647 2237 ·

1332 2271 1514 2310 suscitare
1537 2270 1636 2309 filios

1332 2334 1446 2372 abrae
1460 2351 1468 2359 ·
1507 2331 1632 2371 1⁰Iam

1330 2397 1436 2435 enim
1459 2396 1604 2434 securis

1330 2460 1381 2499 ad
1400 2459 1548 2499 radices
1567 2456 1671 2497 arbo'

1329 2536 1415 2562 rum
1433 2522 1560 2573 posita
1578 2528 1635 2561 est
1650 2542 1659 2552 ·

1330 2586 1472 2626 Omnis
1491 2598 1587 2636 ergo
1607 2598 1649 2624 ar

1329 2651 1401 2688 bor
1447 2663 1547 2701 quae
1566 2661 1649 2688 non

1327 2712 1418 2751 facit
1436 2712 1602 2751 fructum

1326 2775 1477 2814 bonum
1495 2774 1691 2814 excidetur

1859 311 1910 350 Et
1929 312 1969 350 in
1988 312 2120 363 ignem
2139 314 2209 353 mit

1857 379 1955 412 tetur
1972 391 1979 399 ·
2021 374 2144 425 11Ego

1857 436 2014 486 quidem
2032 438 2141 488 bapti

1855 510 1903 537 zo
1922 510 1995 537 uos
2014 500 2055 537 in
2073 501 2190 550 paeni

1854 561 2014 599 tentiam
2027 579 2035 587 ·
2076 563 2143 612 qui

1853 629 1983 661 autem
2002 629 2092 674 post
2111 636 2175 663 me

1852 686 1960 724 uenit
1975 686 2108 726 fortior

1852 759 1915 787 me
1934 754 2013 787 est·
2052 750 2161 788 cuius

1851 822 1933 849 non
1953 823 2040 849 sum
2062 812 2204 862 dignus

1849 872 2104 912 calciamenta

1850 941 2003 985 portare
2020 956 2028 965 ·
2066 937 2150 987 ipse

1853 1010 1925 1036 uos
1948 999 2157 1049 baptizauit

1849 1061 1891 1099 in
1911 1064 1984 1110 spu
2004 1066 2072 1100 sco
2091 1068 2130 1100 et
2148 1062 2188 1113 ig

1849 1124 1890 1162 ni
1903 1140 1911 1148 ·
1950 1122 1980 1144 ¹²
1988 1123 2153 1163 Habens

1848 1187 2105 1226 uentilabrum

1847 1248 1888 1287 in
1911 1261 2031 1288 manu
2051 1263 2121 1289 sua
2141 1269 2148 1277 ·

1846 1309 1896 1349 Et
1910 1313 2184 1362 permundabit

1845 1386 1975 1413 aream
1995 1387 2106 1414 suam
2123 1394 2131 1402 ·

1844 1436 1896 1475 Et
1915 1439 2170 1488 congregabit

1845 1500 2012 1538 triticum
2027 1501 2066 1538 in
2085 1501 2158 1539 hor

1843 1600 1975 1627 reum·
2012 1588 2147 1639 paleas

1843 1656 1972 1689 autem
1993 1652 2125 1690 conbu

1840 1720 1898 1752 ret
1917 1714 1997 1764 igni
2016 1714 2106 1753 inex

1837 1776 2027 1826 tinguibili
2046 1793 2100 1814 xes

2246 1796 2306 1829 dfii

2359 317 2442 351 1¹01.
2459 320 2495 352 6.

1806 1846 1861 1862 m
1884 1837 1957 1879 lege
1969 1837 2003 1868 in
2014 1848 2104 1879 appa
2115 1838 2268 1872 ritionem
2292 1849 2347 1867 „n

1804 1890 1823 1911 *
1838 1890 1866 1912 1⁵
1876 1891 1991 1929 Tunc
2014 1892 2119 1930 uenit
2137 1892 2197 1932 ihs

1802 1952 1821 1975 *
1835 1966 1859 1991 a
1878 1953 2016 2003 galilea
2035 1953 2085 1991 ad
2107 1954 2166 1992 ior

1804 2015 1823 2037 *
1838 2016 1993 2054 dannen
2012 2016 2062 2053 ad
2080 2016 2119 2054 io

1802 2078 1821 2100 *
1837 2079 2008 2116 hannem
2022 2096 2030 2104 ·
2069 2085 2112 2116 ut

1800 2143 1819 2164 *
1835 2140 2089 2191 baptizaretur

1798 2204 1818 2227 *
1833 2204 1883 2242 ab
1902 2215 1951 2241 eo
1968 2221 1976 2229 ·
2015 2202 2089 2241 14et
2107 2216 2179 2253 pro

1831 2266 1962 2305 ibebat
1981 2277 2071 2304 eum
2089 2266 2128 2304 io

1831 2329 1982 2368 hannes
2002 2328 2134 2367 dicens
2150 2349 2158 2358 ·

1831 2392 1921 2443 Ego
1941 2404 1965 2430 a
1982 2398 2020 2431 te
2040 2391 2164 2431 debeo
2184 2393 2261 2444 bap

1832 2455 1936 2494 tizari
1956 2462 1993 2494 et
2012 2461 2077 2494 tue

1829 2519 1889 2557 nis
1907 2518 1958 2557 ad
1976 2530 2038 2556 me
2056 2539 2063 2548 ·
2082 2539 2090 2547 ·
2113 2540 2122 2548 ·

1828 2580 2128 2631 1⁵Resp0ndens
2148 2593 2199 2619 au

1830 2650 1910 2683 tem
1930 2644 1988 2682 ihs
2008 2643 2102 2682 dixit
2121 2644 2157 2682 ei
2173 2660 2181 2669 ·

1831 2706 1925 2746 Sine
1943 2706 2086 2745 modo·
2126 2707 2181 2745 sic

1828 2770 1932 2810 enim
1952 2769 2062 2808 decet
2080 2780 2154 2808 nos

1991 2852 2059 2878 132
