<?xml version="1.0" encoding="UTF-8"?>
<!DOCTYPE html PUBLIC "-//W3C//DTD XHTML 1.0 Transitional//EN"
    "http://www.w3.org/TR/xhtml1/DTD/xhtml1-transitional.dtd">
<html xmlns="http://www.w3.org/1999/xhtml" xml:lang="en" lang="en">
 <head>
  <title>
</title>
<meta http-equiv="Content-Type" content="text/html;charset=utf-8" />
  <meta name='ocr-system' content='tesseract 3.04.00' />
  <meta name='ocr-capabilities' content='ocr_page ocr_carea ocr_par ocr_line ocrx_word'/>
</head>
<body>
  <div class='ocr_page' id='page_1' title='image "./fourgospelsfromm00whit_0177.png"; bbox 0 0 2872 3268; ppageno 0'>
   <div class='ocr_carea' id='block_1_1' title="bbox 109 310 548 350">
    <p class='ocr_par' dir='ltr' id='par_1_1' title="bbox 109 310 548 350">
     <span class='ocr_line' id='line_1_1' title="bbox 109 310 548 350; baseline 0.007 -4"><span class='ocrx_word' id='word_1_1' title='bbox 109 314 191 349; x_wconf 75' lang='lat' dir='ltr'><strong>rol.</strong></span> <span class='ocrx_word' id='word_1_2' title='bbox 205 315 291 348; x_wconf 84' lang='grc'><strong>168.</strong></span> <span class='ocrx_word' id='word_1_3' title='bbox 306 317 345 350; x_wconf 86' lang='lat' dir='ltr'><strong>et</strong></span> <span class='ocrx_word' id='word_1_4' title='bbox 364 310 525 350; x_wconf 90' lang='lat' dir='ltr'><strong>simonis</strong></span> <span class='ocrx_word' id='word_1_5' title='bbox 539 332 548 341; x_wconf 93' lang='lat'>·</span> 
     </span>
    </p>
   </div>
   <div class='ocr_carea' id='block_1_2' title="bbox 305 198 504 243">
    <p class='ocr_par' dir='ltr' id='par_1_2' title="bbox 305 198 504 243">
     <span class='ocr_line' id='line_1_2' title="bbox 305 198 504 243; baseline 0.005 -12"><span class='ocrx_word' id='word_1_6' title='bbox 305 201 366 235; x_wconf 86' lang='lat' dir='ltr'><strong>Vl.</strong></span> <span class='ocrx_word' id='word_1_7' title='bbox 381 198 504 243; x_wconf 77' lang='lat'>3-29.]</span> 
     </span>
    </p>
   </div>
   <div class='ocr_carea' id='block_1_3' title="bbox 303 323 748 1101">
    <p class='ocr_par' dir='ltr' id='par_1_3' title="bbox 307 323 738 413">
     <span class='ocr_line' id='line_1_3' title="bbox 606 323 738 350; baseline 0 -1"><span class='ocrx_word' id='word_1_8' title='bbox 606 323 738 350; x_wconf 88' lang='lat' dir='ltr'><strong>nonne</strong></span> 
     </span>
     <span class='ocr_line' id='line_1_4' title="bbox 307 374 623 413; baseline -0.003 0"><span class='ocrx_word' id='word_1_9' title='bbox 307 380 346 413; x_wconf 93' lang='lat' dir='ltr'><strong>et</strong></span> <span class='ocrx_word' id='word_1_10' title='bbox 366 385 520 413; x_wconf 90' lang='lat' dir='ltr'><strong>sorores</strong></span> <span class='ocrx_word' id='word_1_11' title='bbox 540 374 623 412; x_wconf 92' lang='lat' dir='ltr'><strong>eius</strong></span> 
     </span>
    </p>

    <p class='ocr_par' dir='ltr' id='par_1_4' title="bbox 305 436 727 539">
     <span class='ocr_line' id='line_1_5' title="bbox 305 436 727 476; baseline -0.002 -1"><span class='ocrx_word' id='word_1_12' title='bbox 305 436 368 476; x_wconf 89' lang='lat' dir='ltr'><strong>hic</strong></span> <span class='ocrx_word' id='word_1_13' title='bbox 389 436 596 475; x_wconf 91' lang='lat' dir='ltr'><strong>nobiscum</strong></span> <span class='ocrx_word' id='word_1_14' title='bbox 616 442 705 475; x_wconf 90' lang='lat' dir='ltr'><strong>sunt</strong></span> <span class='ocrx_word' id='word_1_15' title='bbox 718 457 727 467; x_wconf 92' lang='lat'><strong>·</strong></span> 
     </span>
     <span class='ocr_line' id='line_1_6' title="bbox 305 499 661 539; baseline -0.006 0"><span class='ocrx_word' id='word_1_16' title='bbox 305 506 345 539; x_wconf 93' lang='lat' dir='ltr'><strong>et</strong></span> <span class='ocrx_word' id='word_1_17' title='bbox 363 499 661 538; x_wconf 85' lang='lat' dir='ltr'><strong>scandalizaban</strong></span> 
     </span>
    </p>

    <p class='ocr_par' dir='ltr' id='par_1_5' title="bbox 304 561 748 737">
     <span class='ocr_line' id='line_1_7' title="bbox 305 561 748 610; baseline -0.005 -9"><span class='ocrx_word' id='word_1_18' title='bbox 305 568 366 601; x_wconf 94' lang='lat' dir='ltr'><strong>tur</strong></span> <span class='ocrx_word' id='word_1_19' title='bbox 384 562 424 601; x_wconf 91' lang='lat' dir='ltr'><strong>in</strong></span> <span class='ocrx_word' id='word_1_20' title='bbox 443 562 532 600; x_wconf 90' lang='lat' dir='ltr'><strong>illo·</strong></span> <span class='ocrx_word' id='word_1_21' title='bbox 575 562 652 600; x_wconf 72' lang='lat' dir='ltr'><strong>*Et</strong></span> <span class='ocrx_word' id='word_1_22' title='bbox 672 561 711 600; x_wconf 92' lang='lat' dir='ltr'><strong>di</strong></span> <span class='ocrx_word' id='word_1_23' title='bbox 745 608 748 610; x_wconf 13' lang='grc' dir='ltr'><strong>Α</strong></span> 
     </span>
     <span class='ocr_line' id='line_1_8' title="bbox 306 624 682 674; baseline -0.005 -10"><span class='ocrx_word' id='word_1_24' title='bbox 306 625 420 664; x_wconf 87' lang='lat' dir='ltr'><strong>cebat</strong></span> <span class='ocrx_word' id='word_1_25' title='bbox 437 625 493 663; x_wconf 89' lang='lat' dir='ltr'><strong>eis</strong></span> <span class='ocrx_word' id='word_1_26' title='bbox 511 624 571 662; x_wconf 87' lang='lat' dir='ltr'><strong>ihs</strong></span> <span class='ocrx_word' id='word_1_27' title='bbox 590 625 682 674; x_wconf 87' lang='lat' dir='ltr'><strong>quia</strong></span> 
     </span>
     <span class='ocr_line' id='line_1_9' title="bbox 304 686 634 737; baseline 0.003 -12"><span class='ocrx_word' id='word_1_28' title='bbox 304 699 388 726; x_wconf 88' lang='lat' dir='ltr'><strong>non</strong></span> <span class='ocrx_word' id='word_1_29' title='bbox 406 693 466 726; x_wconf 90' lang='lat' dir='ltr'><strong>est</strong></span> <span class='ocrx_word' id='word_1_30' title='bbox 484 686 634 737; x_wconf 89' lang='lat' dir='ltr'><strong>profeta</strong></span> 
     </span>
    </p>

    <p class='ocr_par' dir='ltr' id='par_1_6' title="bbox 304 749 650 789">
     <span class='ocr_line' id='line_1_10' title="bbox 304 749 650 789; baseline -0.003 0"><span class='ocrx_word' id='word_1_31' title='bbox 304 750 388 789; x_wconf 88' lang='lat' dir='ltr'><strong>sine</strong></span> <span class='ocrx_word' id='word_1_32' title='bbox 407 749 557 788; x_wconf 89' lang='lat' dir='ltr'>honore</span> <span class='ocrx_word' id='word_1_33' title='bbox 576 750 650 788; x_wconf 90' lang='lat' dir='ltr'><strong>nisi</strong></span> 
     </span>
    </p>

    <p class='ocr_par' dir='ltr' id='par_1_7' title="bbox 303 812 746 1101">
     <span class='ocr_line' id='line_1_11' title="bbox 303 812 691 863; baseline -0.003 -12"><span class='ocrx_word' id='word_1_34' title='bbox 303 812 345 851; x_wconf 89' lang='lat' dir='ltr'><strong>in</strong></span> <span class='ocrx_word' id='word_1_35' title='bbox 363 812 487 863; x_wconf 88' lang='lat' dir='ltr'><strong>patria</strong></span> <span class='ocrx_word' id='word_1_36' title='bbox 506 824 576 850; x_wconf 92' lang='lat' dir='ltr'><strong>sua</strong></span> <span class='ocrx_word' id='word_1_37' title='bbox 595 818 633 850; x_wconf 90' lang='lat' dir='ltr'><strong>et</strong></span> <span class='ocrx_word' id='word_1_38' title='bbox 651 812 691 850; x_wconf 93' lang='lat' dir='ltr'><strong>in</strong></span> 
     </span>
     <span class='ocr_line' id='line_1_12' title="bbox 304 875 658 925; baseline 0 -13"><span class='ocrx_word' id='word_1_39' title='bbox 304 885 451 925; x_wconf 88' lang='lat' dir='ltr'><strong>genero</strong></span> <span class='ocrx_word' id='word_1_40' title='bbox 470 886 542 913; x_wconf 92' lang='lat' dir='ltr'><strong>suo</strong></span> <span class='ocrx_word' id='word_1_41' title='bbox 561 880 599 913; x_wconf 90' lang='lat' dir='ltr'><strong>et</strong></span> <span class='ocrx_word' id='word_1_42' title='bbox 617 875 658 912; x_wconf 93' lang='lat' dir='ltr'><strong>in</strong></span> 
     </span>
     <span class='ocr_line' id='line_1_13' title="bbox 307 937 746 976; baseline -0.002 0"><span class='ocrx_word' id='word_1_43' title='bbox 307 937 428 976; x_wconf 87' lang='lat' dir='ltr'><strong>domo</strong></span> <span class='ocrx_word' id='word_1_44' title='bbox 447 949 518 975; x_wconf 88' lang='lat' dir='ltr'><strong>sua</strong></span> <span class='ocrx_word' id='word_1_45' title='bbox 533 958 542 968; x_wconf 91' lang='lat'><strong>·</strong></span> <span class='ocrx_word' id='word_1_46' title='bbox 561 958 569 968; x_wconf 90' lang='lat'><strong>·</strong></span> <span class='ocrx_word' id='word_1_47' title='bbox 610 937 673 976; x_wconf 82' lang='lat' dir='ltr'><strong>⁵et</strong></span> <span class='ocrx_word' id='word_1_48' title='bbox 692 948 746 976; x_wconf 90' lang='lat' dir='ltr'><strong>no</strong></span> 
     </span>
     <span class='ocr_line' id='line_1_14' title="bbox 306 999 646 1038; baseline 0 0"><span class='ocrx_word' id='word_1_49' title='bbox 306 999 376 1038; x_wconf 90' lang='lat' dir='ltr'><strong>luit</strong></span> <span class='ocrx_word' id='word_1_50' title='bbox 394 1000 447 1038; x_wconf 90' lang='lat' dir='ltr'><strong>ibi</strong></span> <span class='ocrx_word' id='word_1_51' title='bbox 465 1000 646 1038; x_wconf 87' lang='lat' dir='ltr'><strong>uirtutem</strong></span> 
     </span>
     <span class='ocr_line' id='line_1_15' title="bbox 306 1060 685 1101; baseline 0.003 -1"><span class='ocrx_word' id='word_1_52' title='bbox 306 1061 469 1100; x_wconf 88' lang='lat' dir='ltr'><strong>multam</strong></span> <span class='ocrx_word' id='word_1_53' title='bbox 488 1060 614 1101; x_wconf 84' lang='lat' dir='ltr'><strong>facere</strong></span> <span class='ocrx_word' id='word_1_54' title='bbox 628 1083 638 1093; x_wconf 90' lang='lat'><strong>·</strong></span> <span class='ocrx_word' id='word_1_55' title='bbox 680 1073 685 1076; x_wconf 91' lang='lat'>·</span> 
     </span>
    </p>
   </div>
   <div class='ocr_carea' id='block_1_4' title="bbox 307 1124 774 1175">
    <p class='ocr_par' dir='ltr' id='par_1_8' title="bbox 307 1124 774 1175">
     <span class='ocr_line' id='line_1_16' title="bbox 307 1124 774 1175; baseline 0 -11"><span class='ocrx_word' id='word_1_56' title='bbox 307 1124 394 1164; x_wconf 93' lang='lat' dir='ltr'><strong>Nisi</strong></span> <span class='ocrx_word' id='word_1_57' title='bbox 412 1136 560 1175; x_wconf 91' lang='lat' dir='ltr'><strong>paucos</strong></span> <span class='ocrx_word' id='word_1_58' title='bbox 579 1124 747 1164; x_wconf 83' lang='lat' dir='ltr'><strong>infirmos</strong></span> <span class='ocrx_word' id='word_1_59' title='bbox 765 1144 774 1154; x_wconf 93' lang='lat'><strong>·</strong></span> 
     </span>
    </p>
   </div>
   <div class='ocr_carea' id='block_1_5' title="bbox 273 1199 722 1602">
    <p class='ocr_par' dir='ltr' id='par_1_9' title="bbox 273 1199 722 1602">
     <span class='ocr_line' id='line_1_17' title="bbox 306 1199 707 1238; baseline 0 -13"><span class='ocrx_word' id='word_1_60' title='bbox 306 1199 459 1238; x_wconf 88' lang='lat' dir='ltr'><strong>ponens</strong></span> <span class='ocrx_word' id='word_1_61' title='bbox 478 1199 638 1225; x_wconf 89' lang='lat' dir='ltr'><strong>manum</strong></span> <span class='ocrx_word' id='word_1_62' title='bbox 658 1200 707 1226; x_wconf 93' lang='lat' dir='ltr'><strong>cu</strong></span> 
     </span>
     <span class='ocr_line' id='line_1_18' title="bbox 305 1250 702 1288; baseline 0 0"><span class='ocrx_word' id='word_1_63' title='bbox 305 1250 404 1288; x_wconf 89' lang='lat' dir='ltr'><strong>rauit</strong></span> <span class='ocrx_word' id='word_1_64' title='bbox 416 1270 425 1280; x_wconf 93' lang='lat'>·</span> <span class='ocrx_word' id='word_1_65' title='bbox 468 1250 482 1271; x_wconf 82' lang='lat'>⁶</span> <span class='ocrx_word' id='word_1_66' title='bbox 497 1256 536 1288; x_wconf 91' lang='lat' dir='ltr'><strong>et</strong></span> <span class='ocrx_word' id='word_1_67' title='bbox 554 1250 702 1288; x_wconf 88' lang='lat' dir='ltr'><strong>miraba</strong></span> 
     </span>
     <span class='ocr_line' id='line_1_19' title="bbox 306 1312 601 1362; baseline -0.003 -11"><span class='ocrx_word' id='word_1_68' title='bbox 306 1319 366 1351; x_wconf 90' lang='lat' dir='ltr'><strong>tur</strong></span> <span class='ocrx_word' id='word_1_69' title='bbox 385 1319 545 1362; x_wconf 91' lang='lat' dir='ltr'><strong>propter</strong></span> <span class='ocrx_word' id='word_1_70' title='bbox 562 1312 601 1350; x_wconf 91' lang='lat' dir='ltr'><strong>in</strong></span> 
     </span>
     <span class='ocr_line' id='line_1_20' title="bbox 307 1374 722 1413; baseline 0 0"><span class='ocrx_word' id='word_1_71' title='bbox 307 1374 529 1413; x_wconf 71' lang='lat' dir='ltr'><strong>credulitate</strong></span> <span class='ocrx_word' id='word_1_72' title='bbox 544 1374 655 1413; x_wconf 77' lang='lat' dir='ltr'><strong>illorfi</strong></span> <span class='ocrx_word' id='word_1_73' title='bbox 667 1396 722 1402; x_wconf 88' lang='lat'><strong>——</strong></span> 
     </span>
     <span class='ocr_line' id='line_1_21' title="bbox 273 1435 646 1476; baseline 0 -1"><span class='ocrx_word' id='word_1_74' title='bbox 273 1438 294 1461; x_wconf 90' lang='grc'><strong>*</strong></span> <span class='ocrx_word' id='word_1_75' title='bbox 307 1435 359 1476; x_wconf 92' lang='lat' dir='ltr'><strong>Et</strong></span> <span class='ocrx_word' id='word_1_76' title='bbox 378 1437 562 1476; x_wconf 86' lang='lat' dir='ltr'>circuibat</span> <span class='ocrx_word' id='word_1_77' title='bbox 581 1448 646 1476; x_wconf 88' lang='lat' dir='ltr'><strong>cas</strong></span> 
     </span>
     <span class='ocr_line' id='line_1_22' title="bbox 275 1498 526 1538; baseline -0.004 0"><span class='ocrx_word' id='word_1_78' title='bbox 275 1498 398 1538; x_wconf 88' lang='lat' dir='ltr'><strong>*tella</strong></span> <span class='ocrx_word' id='word_1_79' title='bbox 416 1500 457 1537; x_wconf 89' lang='lat' dir='ltr'><strong>in</strong></span> <span class='ocrx_word' id='word_1_80' title='bbox 473 1500 526 1538; x_wconf 91' lang='lat' dir='ltr'><strong>cir</strong></span> 
     </span>
     <span class='ocr_line' id='line_1_23' title="bbox 276 1558 606 1602; baseline -0.006 0"><span class='ocrx_word' id='word_1_81' title='bbox 276 1558 295 1583; x_wconf 90' lang='grc'><strong>*</strong></span> <span class='ocrx_word' id='word_1_82' title='bbox 310 1562 413 1602; x_wconf 89' lang='lat' dir='ltr'><strong>cuitu</strong></span> <span class='ocrx_word' id='word_1_83' title='bbox 432 1562 580 1601; x_wconf 90' lang='lat' dir='ltr'><strong>docens</strong></span> <span class='ocrx_word' id='word_1_84' title='bbox 596 1583 606 1593; x_wconf 86' lang='lat'><strong>·</strong></span> 
     </span>
    </p>
   </div>
   <div class='ocr_carea' id='block_1_6' title="bbox 291 1650 750 2870">
    <p class='ocr_par' dir='ltr' id='par_1_10' title="bbox 307 1650 733 1825">
     <span class='ocr_line' id='line_1_24' title="bbox 307 1650 733 1689; baseline 0 -1"><span class='ocrx_word' id='word_1_85' title='bbox 307 1650 387 1689; x_wconf 85' lang='lat' dir='ltr'><strong>&#39;&#39;Et</strong></span> <span class='ocrx_word' id='word_1_86' title='bbox 407 1650 635 1689; x_wconf 89' lang='lat' dir='ltr'><strong>conuocatis</strong></span> <span class='ocrx_word' id='word_1_87' title='bbox 655 1650 733 1688; x_wconf 93' lang='lat' dir='ltr'><strong>duo</strong></span> 
     </span>
     <span class='ocr_line' id='line_1_25' title="bbox 308 1712 678 1762; baseline 0 -11"><span class='ocrx_word' id='word_1_88' title='bbox 308 1712 436 1752; x_wconf 87' lang='lat' dir='ltr'>decim</span> <span class='ocrx_word' id='word_1_89' title='bbox 455 1712 652 1762; x_wconf 89' lang='lat' dir='ltr'>discipulis</span> <span class='ocrx_word' id='word_1_90' title='bbox 669 1733 678 1742; x_wconf 92' lang='lat'><strong>·</strong></span> 
     </span>
     <span class='ocr_line' id='line_1_26' title="bbox 308 1774 625 1825; baseline -0.006 -12"><span class='ocrx_word' id='word_1_91' title='bbox 308 1774 438 1825; x_wconf 91' lang='lat' dir='ltr'><strong>coepit</strong></span> <span class='ocrx_word' id='word_1_92' title='bbox 452 1774 536 1812; x_wconf 91' lang='lat' dir='ltr'><strong>illos</strong></span> <span class='ocrx_word' id='word_1_93' title='bbox 556 1774 625 1812; x_wconf 91' lang='lat' dir='ltr'><strong>mit</strong></span> 
     </span>
    </p>

    <p class='ocr_par' dir='ltr' id='par_1_11' title="bbox 307 1836 691 2061">
     <span class='ocr_line' id='line_1_27' title="bbox 307 1836 677 1890; baseline 0 -15"><span class='ocrx_word' id='word_1_94' title='bbox 307 1843 388 1890; x_wconf 85' lang='lat' dir='ltr'><strong>tere</strong></span> <span class='ocrx_word' id='word_1_95' title='bbox 407 1836 521 1888; x_wconf 89' lang='lat' dir='ltr'><strong>binos</strong></span> <span class='ocrx_word' id='word_1_96' title='bbox 540 1836 654 1875; x_wconf 92' lang='lat' dir='ltr'><strong>binos</strong></span> <span class='ocrx_word' id='word_1_97' title='bbox 668 1857 677 1867; x_wconf 86' lang='lat'><strong>·</strong></span> 
     </span>
     <span class='ocr_line' id='line_1_28' title="bbox 307 1897 691 1948; baseline 0 -11"><span class='ocrx_word' id='word_1_98' title='bbox 307 1897 359 1937; x_wconf 90' lang='lat' dir='ltr'><strong>Et</strong></span> <span class='ocrx_word' id='word_1_99' title='bbox 379 1898 468 1937; x_wconf 89' lang='lat' dir='ltr'><strong>data</strong></span> <span class='ocrx_word' id='word_1_100' title='bbox 486 1898 558 1936; x_wconf 90' lang='lat' dir='ltr'><strong>illis</strong></span> <span class='ocrx_word' id='word_1_101' title='bbox 578 1906 691 1948; x_wconf 89' lang='lat' dir='ltr'><strong>potes</strong></span> 
     </span>
     <span class='ocr_line' id='line_1_29' title="bbox 307 1960 606 2010; baseline -0.007 -11"><span class='ocrx_word' id='word_1_102' title='bbox 307 1966 386 1999; x_wconf 89' lang='lat' dir='ltr'><strong>tate</strong></span> <span class='ocrx_word' id='word_1_103' title='bbox 406 1963 547 2010; x_wconf 75' lang='lat' dir='ltr'><strong>spuum</strong></span> <span class='ocrx_word' id='word_1_104' title='bbox 566 1960 606 1998; x_wconf 92' lang='lat' dir='ltr'><strong>in</strong></span> 
     </span>
     <span class='ocr_line' id='line_1_30' title="bbox 307 2022 566 2061; baseline -0.004 0"><span class='ocrx_word' id='word_1_105' title='bbox 307 2022 542 2061; x_wconf 90' lang='lat' dir='ltr'><strong>mundorum</strong></span> <span class='ocrx_word' id='word_1_106' title='bbox 558 2043 566 2053; x_wconf 93' lang='lat'><strong>·</strong></span> 
     </span>
    </p>

    <p class='ocr_par' dir='ltr' id='par_1_12' title="bbox 291 2084 699 2199">
     <span class='ocr_line' id='line_1_31' title="bbox 306 2084 699 2135; baseline 0.003 -13"><span class='ocrx_word' id='word_1_107' title='bbox 306 2084 320 2106; x_wconf 82' lang='lat'>⁸</span> <span class='ocrx_word' id='word_1_108' title='bbox 332 2084 556 2135; x_wconf 87' lang='lat' dir='ltr'><strong>Precipiens</strong></span> <span class='ocrx_word' id='word_1_109' title='bbox 574 2084 629 2124; x_wconf 91' lang='lat' dir='ltr'><strong>eis</strong></span> <span class='ocrx_word' id='word_1_110' title='bbox 648 2096 699 2123; x_wconf 90' lang='lat' dir='ltr'><strong>ne</strong></span> 
     </span>
     <span class='ocr_line' id='line_1_32' title="bbox 291 2146 595 2199; baseline 0 -14"><span class='ocrx_word' id='word_1_111' title='bbox 291 2146 401 2199; x_wconf 81' lang='lat' dir='ltr'><strong>·quid</strong></span> <span class='ocrx_word' id='word_1_112' title='bbox 419 2147 595 2186; x_wconf 90' lang='lat' dir='ltr'><strong>tollerent</strong></span> 
     </span>
    </p>

    <p class='ocr_par' dir='ltr' id='par_1_13' title="bbox 306 2208 750 2808">
     <span class='ocr_line' id='line_1_33' title="bbox 307 2208 721 2259; baseline -0.002 -12"><span class='ocrx_word' id='word_1_113' title='bbox 307 2209 347 2247; x_wconf 92' lang='lat' dir='ltr'><strong>in</strong></span> <span class='ocrx_word' id='word_1_114' title='bbox 365 2209 429 2248; x_wconf 91' lang='lat' dir='ltr'><strong>uia</strong></span> <span class='ocrx_word' id='word_1_115' title='bbox 477 2209 550 2248; x_wconf 90' lang='lat' dir='ltr'><strong>nisi</strong></span> <span class='ocrx_word' id='word_1_116' title='bbox 569 2208 721 2259; x_wconf 88' lang='lat' dir='ltr'><strong>uirgam</strong></span> 
     </span>
     <span class='ocr_line' id='line_1_34' title="bbox 306 2278 688 2322; baseline 0 -12"><span class='ocrx_word' id='word_1_117' title='bbox 306 2278 457 2310; x_wconf 87' lang='lat' dir='ltr'><strong>tantum</strong></span> <span class='ocrx_word' id='word_1_118' title='bbox 472 2292 481 2302; x_wconf 91' lang='lat'><strong>·</strong></span> <span class='ocrx_word' id='word_1_119' title='bbox 539 2283 620 2311; x_wconf 91' lang='lat' dir='ltr'><strong>non</strong></span> <span class='ocrx_word' id='word_1_120' title='bbox 638 2284 688 2322; x_wconf 89' lang='lat' dir='ltr'><strong>pe</strong></span> 
     </span>
     <span class='ocr_line' id='line_1_35' title="bbox 306 2337 699 2385; baseline 0 -13"><span class='ocrx_word' id='word_1_121' title='bbox 306 2346 391 2372; x_wconf 91' lang='lat' dir='ltr'><strong>ram</strong></span> <span class='ocrx_word' id='word_1_122' title='bbox 405 2355 413 2364; x_wconf 92' lang='lat'><strong>·</strong></span> <span class='ocrx_word' id='word_1_123' title='bbox 466 2345 548 2373; x_wconf 91' lang='lat' dir='ltr'><strong>non</strong></span> <span class='ocrx_word' id='word_1_124' title='bbox 570 2337 672 2385; x_wconf 72' lang='lat' dir='ltr'><strong>pane</strong></span> <span class='ocrx_word' id='word_1_125' title='bbox 691 2354 699 2364; x_wconf 92' lang='lat'>·</span> 
     </span>
     <span class='ocr_line' id='line_1_36' title="bbox 308 2396 724 2447; baseline 0.002 -12"><span class='ocrx_word' id='word_1_126' title='bbox 308 2408 434 2447; x_wconf 90' lang='lat' dir='ltr'><strong>neque</strong></span> <span class='ocrx_word' id='word_1_127' title='bbox 451 2396 492 2434; x_wconf 90' lang='lat' dir='ltr'><strong>in</strong></span> <span class='ocrx_word' id='word_1_128' title='bbox 511 2408 612 2436; x_wconf 86' lang='lat' dir='ltr'><strong>zona</strong></span> <span class='ocrx_word' id='word_1_129' title='bbox 631 2408 698 2436; x_wconf 88' lang='lat' dir='ltr'><strong>aes</strong></span> <span class='ocrx_word' id='word_1_130' title='bbox 714 2416 724 2427; x_wconf 92' lang='lat'><strong>·</strong></span> 
     </span>
     <span class='ocr_line' id='line_1_37' title="bbox 308 2458 696 2498; baseline -0.003 0"><span class='ocrx_word' id='word_1_131' title='bbox 308 2458 404 2498; x_wconf 72' lang='lat' dir='ltr'><strong>&#39;sed</strong></span> <span class='ocrx_word' id='word_1_132' title='bbox 423 2459 604 2497; x_wconf 85' lang='lat' dir='ltr'>calciatos</span> <span class='ocrx_word' id='word_1_133' title='bbox 625 2470 696 2497; x_wconf 91' lang='lat' dir='ltr'><strong>san</strong></span> 
     </span>
     <span class='ocr_line' id='line_1_38' title="bbox 310 2520 726 2559; baseline -0.002 0"><span class='ocrx_word' id='word_1_134' title='bbox 310 2520 419 2559; x_wconf 91' lang='lat' dir='ltr'><strong>daliis</strong></span> <span class='ocrx_word' id='word_1_135' title='bbox 433 2542 441 2551; x_wconf 88' lang='lat'><strong>·</strong></span> <span class='ocrx_word' id='word_1_136' title='bbox 457 2542 466 2551; x_wconf 92' lang='lat'><strong>·</strong></span> <span class='ocrx_word' id='word_1_137' title='bbox 505 2527 543 2559; x_wconf 90' lang='lat' dir='ltr'><strong>et</strong></span> <span class='ocrx_word' id='word_1_138' title='bbox 562 2532 611 2559; x_wconf 89' lang='lat' dir='ltr'><strong>ne</strong></span> <span class='ocrx_word' id='word_1_139' title='bbox 631 2520 726 2559; x_wconf 91' lang='lat' dir='ltr'><strong>indu</strong></span> 
     </span>
     <span class='ocr_line' id='line_1_39' title="bbox 308 2583 576 2622; baseline 0.004 -2"><span class='ocrx_word' id='word_1_140' title='bbox 308 2588 462 2621; x_wconf 90' lang='lat' dir='ltr'><strong>erentur</strong></span> <span class='ocrx_word' id='word_1_141' title='bbox 480 2583 576 2622; x_wconf 89' lang='lat' dir='ltr'><strong>duas</strong></span> 
     </span>
     <span class='ocr_line' id='line_1_40' title="bbox 309 2643 750 2684; baseline -0.002 -1"><span class='ocrx_word' id='word_1_142' title='bbox 309 2645 459 2684; x_wconf 86' lang='lat' dir='ltr'><strong>tunicas</strong></span> <span class='ocrx_word' id='word_1_143' title='bbox 474 2666 483 2675; x_wconf 91' lang='lat'><strong>·</strong></span> <span class='ocrx_word' id='word_1_144' title='bbox 499 2666 507 2676; x_wconf 90' lang='lat'><strong>·</strong></span> <span class='ocrx_word' id='word_1_145' title='bbox 522 2665 531 2675; x_wconf 88' lang='lat'><strong>·</strong></span> <span class='ocrx_word' id='word_1_146' title='bbox 561 2643 590 2665; x_wconf 82' lang='lat'><strong>¹⁰</strong></span> <span class='ocrx_word' id='word_1_147' title='bbox 602 2653 639 2683; x_wconf 93' lang='lat' dir='ltr'><strong>et</strong></span> <span class='ocrx_word' id='word_1_148' title='bbox 658 2644 750 2684; x_wconf 90' lang='lat' dir='ltr'><strong>dicit</strong></span> 
     </span>
     <span class='ocr_line' id='line_1_41' title="bbox 309 2708 630 2757; baseline -0.006 -10"><span class='ocrx_word' id='word_1_149' title='bbox 309 2708 364 2747; x_wconf 89' lang='lat' dir='ltr'><strong>eis</strong></span> <span class='ocrx_word' id='word_1_150' title='bbox 384 2718 630 2757; x_wconf 89' lang='lat' dir='ltr'><strong>quocumque</strong></span> 
     </span>
     <span class='ocr_line' id='line_1_42' title="bbox 307 2769 597 2808; baseline 0 -1"><span class='ocrx_word' id='word_1_151' title='bbox 307 2769 526 2808; x_wconf 85' lang='lat' dir='ltr'><strong>introieritis</strong></span> <span class='ocrx_word' id='word_1_152' title='bbox 545 2769 597 2807; x_wconf 92' lang='lat' dir='ltr'><strong>do</strong></span> 
     </span>
    </p>

    <p class='ocr_par' dir='ltr' id='par_1_14' title="bbox 307 2831 644 2870">
     <span class='ocr_line' id='line_1_43' title="bbox 307 2831 644 2870; baseline 0 0"><span class='ocrx_word' id='word_1_153' title='bbox 307 2843 417 2870; x_wconf 89' lang='lat' dir='ltr'><strong>mum</strong></span> <span class='ocrx_word' id='word_1_154' title='bbox 435 2831 509 2870; x_wconf 91' lang='lat' dir='ltr'><strong>illic</strong></span> <span class='ocrx_word' id='word_1_155' title='bbox 528 2842 644 2870; x_wconf 86' lang='lat' dir='ltr'><strong>mane</strong></span> 
     </span>
    </p>
   </div>
   <div class='ocr_carea' id='block_1_7' title="bbox 1181 193 1415 235">
    <p class='ocr_par' dir='ltr' id='par_1_15' title="bbox 1181 193 1415 235">
     <span class='ocr_line' id='line_1_44' title="bbox 1181 193 1415 235; baseline 0.013 -3"><span class='ocrx_word' id='word_1_156' title='bbox 1181 193 1388 235; x_wconf 55' lang='lat' dir='ltr'><strong>MAR&amp;</strong></span> <span class='ocrx_word' id='word_1_157' title='bbox 1407 215 1415 224; x_wconf 92' lang='lat'>·</span> 
     </span>
    </p>
   </div>
   <div class='ocr_carea' id='block_1_8' title="bbox 807 308 1277 1609">
    <p class='ocr_par' dir='ltr' id='par_1_16' title="bbox 807 308 1192 1046">
     <span class='ocr_line' id='line_1_45' title="bbox 810 308 1141 361; baseline 0.003 -13"><span class='ocrx_word' id='word_1_158' title='bbox 810 308 836 333; x_wconf 88' lang='lat'><strong>¹¹</strong></span> <span class='ocrx_word' id='word_1_159' title='bbox 850 317 887 349; x_wconf 92' lang='lat' dir='ltr'><strong>et</strong></span> <span class='ocrx_word' id='word_1_160' title='bbox 907 311 1141 361; x_wconf 88' lang='lat' dir='ltr'><strong>quicumque</strong></span> 
     </span>
     <span class='ocr_line' id='line_1_46' title="bbox 810 373 1184 413; baseline 0.005 -2"><span class='ocrx_word' id='word_1_161' title='bbox 810 385 892 411; x_wconf 91' lang='lat' dir='ltr'><strong>non</strong></span> <span class='ocrx_word' id='word_1_162' title='bbox 911 373 1074 412; x_wconf 88' lang='lat' dir='ltr'><strong>recerint</strong></span> <span class='ocrx_word' id='word_1_163' title='bbox 1091 379 1159 413; x_wconf 89' lang='lat' dir='ltr'><strong>u⁰s</strong></span> <span class='ocrx_word' id='word_1_164' title='bbox 1175 394 1184 404; x_wconf 91' lang='lat'><strong>·</strong></span> 
     </span>
     <span class='ocr_line' id='line_1_47' title="bbox 808 435 1125 478; baseline 0.003 -4"><span class='ocrx_word' id='word_1_165' title='bbox 808 435 1008 478; x_wconf 86' lang='lat' dir='ltr'><strong>Exeuntes</strong></span> <span class='ocrx_word' id='word_1_166' title='bbox 1035 436 1125 475; x_wconf 91' lang='lat' dir='ltr'><strong>inde</strong></span> 
     </span>
     <span class='ocr_line' id='line_1_48' title="bbox 809 499 1118 549; baseline 0.006 -13"><span class='ocrx_word' id='word_1_167' title='bbox 809 499 977 537; x_wconf 85' lang='lat' dir='ltr'><strong>excutite</strong></span> <span class='ocrx_word' id='word_1_168' title='bbox 995 499 1118 549; x_wconf 88' lang='lat' dir='ltr'><strong>pedes</strong></span> 
     </span>
     <span class='ocr_line' id='line_1_49' title="bbox 808 561 1153 612; baseline 0.003 -14"><span class='ocrx_word' id='word_1_169' title='bbox 808 566 958 600; x_wconf 90' lang='lat' dir='ltr'><strong>uestros</strong></span> <span class='ocrx_word' id='word_1_170' title='bbox 978 573 1068 599; x_wconf 91' lang='lat' dir='ltr'><strong>cum</strong></span> <span class='ocrx_word' id='word_1_171' title='bbox 1086 561 1153 612; x_wconf 93' lang='lat' dir='ltr'><strong>pul</strong></span> 
     </span>
     <span class='ocr_line' id='line_1_50' title="bbox 808 623 1135 662; baseline 0.006 -2"><span class='ocrx_word' id='word_1_172' title='bbox 808 635 898 662; x_wconf 92' lang='lat' dir='ltr'><strong>uere</strong></span> <span class='ocrx_word' id='word_1_173' title='bbox 917 623 957 661; x_wconf 91' lang='lat' dir='ltr'><strong>in</strong></span> <span class='ocrx_word' id='word_1_174' title='bbox 978 624 1135 662; x_wconf 88' lang='lat' dir='ltr'><strong>testimo</strong></span> 
     </span>
     <span class='ocr_line' id='line_1_51' title="bbox 808 685 1191 725; baseline 0.008 -3"><span class='ocrx_word' id='word_1_175' title='bbox 808 685 916 723; x_wconf 92' lang='lat' dir='ltr'><strong>nium</strong></span> <span class='ocrx_word' id='word_1_176' title='bbox 936 685 1007 724; x_wconf 89' lang='lat' dir='ltr'><strong>illis</strong></span> <span class='ocrx_word' id='word_1_177' title='bbox 1024 707 1033 716; x_wconf 94' lang='lat'><strong>·</strong></span> <span class='ocrx_word' id='word_1_178' title='bbox 1075 698 1191 725; x_wconf 86' lang='lat' dir='ltr'><strong>amen</strong></span> 
     </span>
     <span class='ocr_line' id='line_1_52' title="bbox 809 747 1192 787; baseline 0.005 -2"><span class='ocrx_word' id='word_1_179' title='bbox 809 747 898 786; x_wconf 92' lang='lat' dir='ltr'><strong>dico</strong></span> <span class='ocrx_word' id='word_1_180' title='bbox 917 748 1031 787; x_wconf 91' lang='lat' dir='ltr'><strong>uobis</strong></span> <span class='ocrx_word' id='word_1_181' title='bbox 1047 769 1056 779; x_wconf 92' lang='lat'><strong>·</strong></span> <span class='ocrx_word' id='word_1_182' title='bbox 1114 748 1192 787; x_wconf 89' lang='lat' dir='ltr'><strong>tole</strong></span> 
     </span>
     <span class='ocr_line' id='line_1_53' title="bbox 807 809 1116 850; baseline 0.01 -4"><span class='ocrx_word' id='word_1_183' title='bbox 807 809 964 849; x_wconf 88' lang='lat' dir='ltr'><strong>rabilius</strong></span> <span class='ocrx_word' id='word_1_184' title='bbox 982 811 1051 849; x_wconf 91' lang='lat' dir='ltr'><strong>erit</strong></span> <span class='ocrx_word' id='word_1_185' title='bbox 1071 822 1116 850; x_wconf 91' lang='lat' dir='ltr'><strong>so</strong></span> 
     </span>
     <span class='ocr_line' id='line_1_54' title="bbox 810 871 1149 923; baseline 0.003 -13"><span class='ocrx_word' id='word_1_186' title='bbox 810 871 936 911; x_wconf 91' lang='lat' dir='ltr'><strong>domis</strong></span> <span class='ocrx_word' id='word_1_187' title='bbox 955 878 994 910; x_wconf 90' lang='lat' dir='ltr'><strong>et</strong></span> <span class='ocrx_word' id='word_1_188' title='bbox 1014 879 1149 923; x_wconf 90' lang='lat' dir='ltr'><strong>gom0r</strong></span> 
     </span>
     <span class='ocr_line' id='line_1_55' title="bbox 809 934 1151 974; baseline 0.006 -3"><span class='ocrx_word' id='word_1_189' title='bbox 809 934 860 971; x_wconf 90' lang='lat' dir='ltr'><strong>ris</strong></span> <span class='ocrx_word' id='word_1_190' title='bbox 880 934 920 972; x_wconf 93' lang='lat' dir='ltr'><strong>in</strong></span> <span class='ocrx_word' id='word_1_191' title='bbox 940 934 1001 973; x_wconf 92' lang='lat' dir='ltr'><strong>die</strong></span> <span class='ocrx_word' id='word_1_192' title='bbox 1020 935 1151 974; x_wconf 88' lang='lat' dir='ltr'><strong>iudicii</strong></span> 
     </span>
     <span class='ocr_line' id='line_1_56' title="bbox 809 997 1132 1046; baseline 0.009 -13"><span class='ocrx_word' id='word_1_193' title='bbox 809 1008 928 1046; x_wconf 90' lang='lat' dir='ltr'><strong>quam</strong></span> <span class='ocrx_word' id='word_1_194' title='bbox 947 997 998 1035; x_wconf 92' lang='lat' dir='ltr'><strong>illi</strong></span> <span class='ocrx_word' id='word_1_195' title='bbox 1018 998 1132 1036; x_wconf 90' lang='lat' dir='ltr'><strong>ciuita</strong></span> 
     </span>
    </p>

    <p class='ocr_par' dir='ltr' id='par_1_17' title="bbox 809 1058 1277 1609">
     <span class='ocr_line' id='line_1_57' title="bbox 809 1058 1277 1111; baseline 0.002 -13"><span class='ocrx_word' id='word_1_196' title='bbox 809 1059 836 1098; x_wconf 90' lang='lat' dir='ltr'><strong>ti</strong></span> <span class='ocrx_word' id='word_1_197' title='bbox 852 1079 861 1089; x_wconf 92' lang='lat'><strong>·</strong></span> <span class='ocrx_word' id='word_1_198' title='bbox 876 1080 886 1089; x_wconf 90' lang='lat'><strong>·</strong></span> <span class='ocrx_word' id='word_1_199' title='bbox 915 1058 984 1098; x_wconf 77' lang='lat' dir='ltr'><strong>¹²et</strong></span> <span class='ocrx_word' id='word_1_200' title='bbox 994 1059 1196 1099; x_wconf 89' lang='lat' dir='ltr'><strong>Exeuntes</strong></span> <span class='ocrx_word' id='word_1_201' title='bbox 1208 1072 1277 1111; x_wconf 92' lang='lat' dir='ltr'><strong>pre</strong></span> 
     </span>
     <span class='ocr_line' id='line_1_58' title="bbox 809 1122 1123 1172; baseline 0 -12"><span class='ocrx_word' id='word_1_202' title='bbox 809 1122 1062 1172; x_wconf 85' lang='lat' dir='ltr'><strong>predicabant</strong></span> <span class='ocrx_word' id='word_1_203' title='bbox 1082 1129 1123 1160; x_wconf 91' lang='lat' dir='ltr'><strong>ut</strong></span> 
     </span>
     <span class='ocr_line' id='line_1_59' title="bbox 809 1184 1115 1234; baseline 0.007 -13"><span class='ocrx_word' id='word_1_204' title='bbox 809 1184 1062 1234; x_wconf 88' lang='lat' dir='ltr'><strong>penitentiam</strong></span> <span class='ocrx_word' id='word_1_205' title='bbox 1092 1197 1115 1223; x_wconf 90' lang='lat' dir='ltr'><strong>a</strong></span> 
     </span>
     <span class='ocr_line' id='line_1_60' title="bbox 809 1246 1150 1296; baseline 0.006 -12"><span class='ocrx_word' id='word_1_206' title='bbox 809 1253 945 1296; x_wconf 91' lang='lat' dir='ltr'><strong>gerent</strong></span> <span class='ocrx_word' id='word_1_207' title='bbox 990 1246 1018 1268; x_wconf 79' lang='lat'><strong>²³</strong></span> <span class='ocrx_word' id='word_1_208' title='bbox 1030 1247 1082 1285; x_wconf 91' lang='lat' dir='ltr'><strong>Et</strong></span> <span class='ocrx_word' id='word_1_209' title='bbox 1101 1247 1150 1286; x_wconf 89' lang='lat' dir='ltr'><strong>ali</strong></span> 
     </span>
     <span class='ocr_line' id='line_1_61' title="bbox 810 1309 1137 1359; baseline 0.003 -12"><span class='ocrx_word' id='word_1_210' title='bbox 810 1309 876 1359; x_wconf 91' lang='lat' dir='ltr'><strong>qui</strong></span> <span class='ocrx_word' id='word_1_211' title='bbox 895 1321 943 1347; x_wconf 90' lang='lat' dir='ltr'><strong>ex</strong></span> <span class='ocrx_word' id='word_1_212' title='bbox 965 1309 1037 1348; x_wconf 92' lang='lat' dir='ltr'><strong>illis</strong></span> <span class='ocrx_word' id='word_1_213' title='bbox 1056 1310 1137 1348; x_wconf 92' lang='lat' dir='ltr'><strong>mul</strong></span> 
     </span>
     <span class='ocr_line' id='line_1_62' title="bbox 809 1371 1159 1411; baseline -0.003 0"><span class='ocrx_word' id='word_1_214' title='bbox 809 1378 849 1411; x_wconf 89' lang='lat' dir='ltr'><strong>ta</strong></span> <span class='ocrx_word' id='word_1_215' title='bbox 869 1371 1046 1410; x_wconf 83' lang='lat' dir='ltr'><strong>demonia</strong></span> <span class='ocrx_word' id='word_1_216' title='bbox 1065 1372 1159 1410; x_wconf 89' lang='lat' dir='ltr'><strong>eicie</strong></span> 
     </span>
     <span class='ocr_line' id='line_1_63' title="bbox 810 1434 1164 1484; baseline 0.006 -12"><span class='ocrx_word' id='word_1_217' title='bbox 810 1434 904 1472; x_wconf 86' lang='lat' dir='ltr'><strong>bant</strong></span> <span class='ocrx_word' id='word_1_218' title='bbox 922 1455 929 1464; x_wconf 93' lang='lat'><strong>·</strong></span> <span class='ocrx_word' id='word_1_219' title='bbox 978 1441 1015 1473; x_wconf 92' lang='lat' dir='ltr'><strong>et</strong></span> <span class='ocrx_word' id='word_1_220' title='bbox 1033 1447 1164 1484; x_wconf 86' lang='lat' dir='ltr'><strong>uguen</strong></span> 
     </span>
     <span class='ocr_line' id='line_1_64' title="bbox 809 1496 1139 1536; baseline 0.006 -2"><span class='ocrx_word' id='word_1_221' title='bbox 809 1502 868 1535; x_wconf 91' lang='lat' dir='ltr'><strong>tes</strong></span> <span class='ocrx_word' id='word_1_222' title='bbox 887 1496 977 1535; x_wconf 91' lang='lat' dir='ltr'><strong>oleo</strong></span> <span class='ocrx_word' id='word_1_223' title='bbox 997 1497 1139 1536; x_wconf 90' lang='lat' dir='ltr'><strong>multos</strong></span> 
     </span>
     <span class='ocr_line' id='line_1_65' title="bbox 809 1565 1128 1609; baseline 0.003 -12"><span class='ocrx_word' id='word_1_224' title='bbox 809 1565 965 1609; x_wconf 87' lang='lat' dir='ltr'><strong>egrotos</strong></span> <span class='ocrx_word' id='word_1_225' title='bbox 985 1571 1128 1598; x_wconf 88' lang='lat' dir='ltr'><strong>sanaue</strong></span> 
     </span>
    </p>
   </div>
   <div class='ocr_carea' id='block_1_9' title="bbox 807 1645 1260 2869">
    <p class='ocr_par' dir='ltr' id='par_1_18' title="bbox 808 1645 1182 2246">
     <span class='ocr_line' id='line_1_66' title="bbox 809 1645 1151 1686; baseline 0 -2"><span class='ocrx_word' id='word_1_226' title='bbox 809 1652 897 1684; x_wconf 91' lang='lat' dir='ltr'><strong>runt</strong></span> <span class='ocrx_word' id='word_1_227' title='bbox 913 1667 922 1677; x_wconf 91' lang='lat'><strong>·</strong></span> <span class='ocrx_word' id='word_1_228' title='bbox 962 1645 1151 1686; x_wconf 77' lang='lat' dir='ltr'><strong>1⁴Audiuit</strong></span> 
     </span>
     <span class='ocr_line' id='line_1_67' title="bbox 810 1708 1123 1748; baseline 0.003 -1"><span class='ocrx_word' id='word_1_229' title='bbox 810 1715 939 1747; x_wconf 91' lang='lat' dir='ltr'><strong>autem</strong></span> <span class='ocrx_word' id='word_1_230' title='bbox 958 1708 1123 1748; x_wconf 90' lang='lat' dir='ltr'><strong>herodes</strong></span> 
     </span>
     <span class='ocr_line' id='line_1_68' title="bbox 809 1771 1168 1810; baseline 0.003 -1"><span class='ocrx_word' id='word_1_231' title='bbox 809 1784 876 1809; x_wconf 91' lang='lat' dir='ltr'><strong>rex</strong></span> <span class='ocrx_word' id='word_1_232' title='bbox 894 1792 904 1801; x_wconf 88' lang='lat'><strong>·</strong></span> <span class='ocrx_word' id='word_1_233' title='bbox 961 1771 1168 1810; x_wconf 67' lang='lat' dir='ltr'><strong>manifesti]</strong></span> 
     </span>
     <span class='ocr_line' id='line_1_69' title="bbox 809 1834 1182 1873; baseline 0.003 -2"><span class='ocrx_word' id='word_1_234' title='bbox 809 1834 915 1872; x_wconf 86' lang='lat' dir='ltr'><strong>enim</strong></span> <span class='ocrx_word' id='word_1_235' title='bbox 935 1841 1015 1872; x_wconf 88' lang='lat' dir='ltr'><strong>erat</strong></span> <span class='ocrx_word' id='word_1_236' title='bbox 1033 1845 1182 1873; x_wconf 88' lang='lat' dir='ltr'><strong>nomen</strong></span> 
     </span>
     <span class='ocr_line' id='line_1_70' title="bbox 809 1896 1158 1935; baseline 0 -1"><span class='ocrx_word' id='word_1_237' title='bbox 809 1897 892 1935; x_wconf 89' lang='lat' dir='ltr'><strong>eius</strong></span> <span class='ocrx_word' id='word_1_238' title='bbox 948 1902 986 1935; x_wconf 91' lang='lat' dir='ltr'><strong>et</strong></span> <span class='ocrx_word' id='word_1_239' title='bbox 1005 1896 1158 1935; x_wconf 87' lang='lat' dir='ltr'><strong>dicebat</strong></span> 
     </span>
     <span class='ocr_line' id='line_1_71' title="bbox 809 1958 1126 2009; baseline 0 -12"><span class='ocrx_word' id='word_1_240' title='bbox 809 1959 917 2009; x_wconf 92' lang='lat' dir='ltr'><strong>quod</strong></span> <span class='ocrx_word' id='word_1_241' title='bbox 935 1958 1126 1998; x_wconf 85' lang='lat' dir='ltr'><strong>iohannes</strong></span> 
     </span>
     <span class='ocr_line' id='line_1_72' title="bbox 809 2021 1099 2071; baseline 0 -12"><span class='ocrx_word' id='word_1_242' title='bbox 809 2021 974 2071; x_wconf 86' lang='lat' dir='ltr'><strong>baptista</strong></span> <span class='ocrx_word' id='word_1_243' title='bbox 992 2033 1099 2059; x_wconf 89' lang='lat' dir='ltr'><strong>resur</strong></span> 
     </span>
     <span class='ocr_line' id='line_1_73' title="bbox 809 2083 1152 2122; baseline 0 0"><span class='ocrx_word' id='word_1_244' title='bbox 809 2083 906 2122; x_wconf 89' lang='lat' dir='ltr'><strong>rexit</strong></span> <span class='ocrx_word' id='word_1_245' title='bbox 925 2096 948 2121; x_wconf 94' lang='lat' dir='ltr'><strong>a</strong></span> <span class='ocrx_word' id='word_1_246' title='bbox 967 2084 1128 2122; x_wconf 91' lang='lat' dir='ltr'><strong>mortuis</strong></span> <span class='ocrx_word' id='word_1_247' title='bbox 1143 2104 1152 2114; x_wconf 91' lang='lat'><strong>·</strong></span> 
     </span>
     <span class='ocr_line' id='line_1_74' title="bbox 809 2146 1132 2196; baseline 0 -12"><span class='ocrx_word' id='word_1_248' title='bbox 809 2152 847 2184; x_wconf 92' lang='lat' dir='ltr'><strong>et</strong></span> <span class='ocrx_word' id='word_1_249' title='bbox 865 2152 1070 2196; x_wconf 87' lang='lat' dir='ltr'><strong>propterea</strong></span> <span class='ocrx_word' id='word_1_250' title='bbox 1090 2146 1132 2184; x_wconf 89' lang='lat' dir='ltr'><strong>ef</strong></span> 
     </span>
     <span class='ocr_line' id='line_1_75' title="bbox 808 2208 1102 2246; baseline 0 0"><span class='ocrx_word' id='word_1_251' title='bbox 808 2208 985 2246; x_wconf 88' lang='lat' dir='ltr'><strong>ficiuntur</strong></span> <span class='ocrx_word' id='word_1_252' title='bbox 1003 2208 1102 2246; x_wconf 83' lang='lat' dir='ltr'><strong>uirtu</strong></span> 
     </span>
    </p>

    <p class='ocr_par' dir='ltr' id='par_1_19' title="bbox 808 2269 1260 2570">
     <span class='ocr_line' id='line_1_76' title="bbox 808 2269 1260 2310; baseline 0.002 -2"><span class='ocrx_word' id='word_1_253' title='bbox 808 2276 866 2308; x_wconf 90' lang='lat' dir='ltr'><strong>tes</strong></span> <span class='ocrx_word' id='word_1_254' title='bbox 885 2270 925 2308; x_wconf 92' lang='lat' dir='ltr'><strong>in</strong></span> <span class='ocrx_word' id='word_1_255' title='bbox 943 2270 1008 2309; x_wconf 93' lang='lat' dir='ltr'><strong>illo</strong></span> <span class='ocrx_word' id='word_1_256' title='bbox 1025 2291 1034 2301; x_wconf 93' lang='lat'><strong>·</strong></span> <span class='ocrx_word' id='word_1_257' title='bbox 1074 2269 1104 2292; x_wconf 80' lang='lat'><strong>¹⁵</strong></span> <span class='ocrx_word' id='word_1_258' title='bbox 1116 2271 1191 2308; x_wconf 90' lang='lat' dir='ltr'><strong>Alii</strong></span> <span class='ocrx_word' id='word_1_259' title='bbox 1211 2282 1260 2310; x_wconf 91' lang='lat' dir='ltr'><strong>au</strong></span> 
     </span>
     <span class='ocr_line' id='line_1_77' title="bbox 809 2333 1206 2383; baseline 0.003 -12"><span class='ocrx_word' id='word_1_260' title='bbox 809 2340 887 2371; x_wconf 90' lang='lat' dir='ltr'><strong>tem</strong></span> <span class='ocrx_word' id='word_1_261' title='bbox 907 2333 1086 2372; x_wconf 90' lang='lat' dir='ltr'><strong>dicebant</strong></span> <span class='ocrx_word' id='word_1_262' title='bbox 1105 2333 1206 2383; x_wconf 83' lang='lat' dir='ltr'><strong>quod</strong></span> 
     </span>
     <span class='ocr_line' id='line_1_78' title="bbox 808 2395 1208 2434; baseline 0.003 -1"><span class='ocrx_word' id='word_1_263' title='bbox 808 2395 930 2433; x_wconf 89' lang='lat' dir='ltr'><strong>helias</strong></span> <span class='ocrx_word' id='word_1_264' title='bbox 950 2402 1008 2434; x_wconf 92' lang='lat' dir='ltr'><strong>est</strong></span> <span class='ocrx_word' id='word_1_265' title='bbox 1063 2395 1141 2433; x_wconf 90' lang='lat' dir='ltr'><strong>Alii</strong></span> <span class='ocrx_word' id='word_1_266' title='bbox 1160 2407 1208 2434; x_wconf 92' lang='lat' dir='ltr'><strong>ue</strong></span> 
     </span>
     <span class='ocr_line' id='line_1_79' title="bbox 809 2457 1162 2507; baseline 0 -12"><span class='ocrx_word' id='word_1_267' title='bbox 809 2469 853 2496; x_wconf 93' lang='lat' dir='ltr'><strong>ro</strong></span> <span class='ocrx_word' id='word_1_268' title='bbox 873 2457 1054 2496; x_wconf 89' lang='lat' dir='ltr'><strong>dicebant</strong></span> <span class='ocrx_word' id='word_1_269' title='bbox 1073 2458 1162 2507; x_wconf 93' lang='lat' dir='ltr'><strong>quia</strong></span> 
     </span>
     <span class='ocr_line' id='line_1_80' title="bbox 809 2519 1131 2570; baseline -0.003 -12"><span class='ocrx_word' id='word_1_270' title='bbox 809 2519 960 2570; x_wconf 91' lang='lat' dir='ltr'><strong>profeta</strong></span> <span class='ocrx_word' id='word_1_271' title='bbox 977 2526 1034 2558; x_wconf 90' lang='lat' dir='ltr'><strong>est</strong></span> <span class='ocrx_word' id='word_1_272' title='bbox 1053 2531 1131 2569; x_wconf 93' lang='lat' dir='ltr'><strong>qua</strong></span> 
     </span>
    </p>

    <p class='ocr_par' dir='ltr' id='par_1_20' title="bbox 807 2581 1208 2869">
     <span class='ocr_line' id='line_1_81' title="bbox 811 2581 1157 2631; baseline 0.003 -12"><span class='ocrx_word' id='word_1_273' title='bbox 811 2582 842 2619; x_wconf 90' lang='lat' dir='ltr'><strong>si</strong></span> <span class='ocrx_word' id='word_1_274' title='bbox 860 2593 960 2619; x_wconf 89' lang='lat' dir='ltr'><strong>unus</strong></span> <span class='ocrx_word' id='word_1_275' title='bbox 979 2594 1028 2620; x_wconf 90' lang='lat' dir='ltr'><strong>ex</strong></span> <span class='ocrx_word' id='word_1_276' title='bbox 1047 2581 1157 2631; x_wconf 88' lang='lat' dir='ltr'><strong>profe</strong></span> 
     </span>
     <span class='ocr_line' id='line_1_82' title="bbox 810 2642 1208 2690; baseline 0.003 -9"><span class='ocrx_word' id='word_1_277' title='bbox 810 2643 858 2682; x_wconf 89' lang='lat' dir='ltr'><strong>tis</strong></span> <span class='ocrx_word' id='word_1_278' title='bbox 872 2664 881 2674; x_wconf 89' lang='lat'><strong>·</strong></span> <span class='ocrx_word' id='word_1_279' title='bbox 922 2642 951 2664; x_wconf 82' lang='lat'><strong>²⁶</strong></span> <span class='ocrx_word' id='word_1_280' title='bbox 963 2643 1055 2690; x_wconf 86' lang='lat' dir='ltr'><strong>Quo</strong></span> <span class='ocrx_word' id='word_1_281' title='bbox 1077 2643 1208 2682; x_wconf 90' lang='lat' dir='ltr'><strong>audito</strong></span> 
     </span>
     <span class='ocr_line' id='line_1_83' title="bbox 809 2705 1199 2756; baseline 0.003 -13"><span class='ocrx_word' id='word_1_282' title='bbox 809 2705 974 2744; x_wconf 91' lang='lat' dir='ltr'><strong>herodes</strong></span> <span class='ocrx_word' id='word_1_283' title='bbox 993 2706 1044 2743; x_wconf 88' lang='lat' dir='ltr'><strong>ait</strong></span> <span class='ocrx_word' id='word_1_284' title='bbox 1057 2726 1066 2735; x_wconf 93' lang='lat'><strong>·</strong></span> <span class='ocrx_word' id='word_1_285' title='bbox 1123 2709 1199 2756; x_wconf 74' lang='lat' dir='ltr'><strong>que</strong></span> 
     </span>
     <span class='ocr_line' id='line_1_84' title="bbox 807 2767 1148 2819; baseline 0 -13"><span class='ocrx_word' id='word_1_286' title='bbox 807 2780 883 2819; x_wconf 89' lang='lat' dir='ltr'><strong>ego</strong></span> <span class='ocrx_word' id='word_1_287' title='bbox 903 2767 1067 2807; x_wconf 91' lang='lat' dir='ltr'><strong>decollui</strong></span> <span class='ocrx_word' id='word_1_288' title='bbox 1085 2767 1148 2806; x_wconf 91' lang='lat' dir='ltr'><strong>hic</strong></span> 
     </span>
     <span class='ocr_line' id='line_1_85' title="bbox 808 2830 1094 2869; baseline -0.007 0"><span class='ocrx_word' id='word_1_289' title='bbox 808 2836 866 2869; x_wconf 91' lang='lat' dir='ltr'><strong>est</strong></span> <span class='ocrx_word' id='word_1_290' title='bbox 883 2830 1072 2868; x_wconf 90' lang='lat' dir='ltr'><strong>iohannes</strong></span> <span class='ocrx_word' id='word_1_291' title='bbox 1085 2850 1094 2860; x_wconf 91' lang='lat'><strong>·</strong></span> 
     </span>
    </p>
   </div>
   <div class='ocr_carea' id='block_1_10' title="bbox 307 2892 1050 2933">
    <p class='ocr_par' dir='ltr' id='par_1_21' title="bbox 307 2892 1050 2933">
     <span class='ocr_line' id='line_1_86' title="bbox 307 2892 1050 2933; baseline -0.003 -1"><span class='ocrx_word' id='word_1_292' title='bbox 307 2899 345 2932; x_wconf 90' lang='lat' dir='ltr'><strong>te</strong></span> <span class='ocrx_word' id='word_1_293' title='bbox 365 2894 490 2933; x_wconf 90' lang='lat' dir='ltr'><strong>donec</strong></span> <span class='ocrx_word' id='word_1_294' title='bbox 514 2893 657 2933; x_wconf 88' lang='lat' dir='ltr'><strong>exeatis</strong></span> <span class='ocrx_word' id='word_1_295' title='bbox 671 2893 763 2932; x_wconf 88' lang='lat' dir='ltr'><strong>inde</strong></span> <span class='ocrx_word' id='word_1_296' title='bbox 807 2892 869 2932; x_wconf 91' lang='lat' dir='ltr'><strong>hic</strong></span> <span class='ocrx_word' id='word_1_297' title='bbox 890 2892 1050 2931; x_wconf 88' lang='lat' dir='ltr'><strong>surrexit</strong></span> 
     </span>
    </p>
   </div>
   <div class='ocr_carea' id='block_1_11' title="bbox 1346 309 1784 1609">
    <p class='ocr_par' dir='ltr' id='par_1_22' title="bbox 1348 309 1784 1224">
     <span class='ocr_line' id='line_1_87' title="bbox 1350 309 1784 362; baseline 0.002 -13"><span class='ocrx_word' id='word_1_298' title='bbox 1350 323 1373 349; x_wconf 92' lang='lat' dir='ltr'><strong>a</strong></span> <span class='ocrx_word' id='word_1_299' title='bbox 1393 310 1556 349; x_wconf 88' lang='lat' dir='ltr'><strong>mortuis</strong></span> <span class='ocrx_word' id='word_1_300' title='bbox 1572 331 1581 341; x_wconf 92' lang='lat'><strong>·</strong></span> <span class='ocrx_word' id='word_1_301' title='bbox 1597 331 1606 341; x_wconf 88' lang='lat'><strong>·</strong></span> <span class='ocrx_word' id='word_1_302' title='bbox 1625 331 1633 341; x_wconf 89' lang='lat'><strong>·</strong></span> <span class='ocrx_word' id='word_1_303' title='bbox 1649 309 1679 332; x_wconf 87' lang='lat'><strong>¹⁷</strong></span> <span class='ocrx_word' id='word_1_304' title='bbox 1692 310 1784 362; x_wconf 90' lang='lat' dir='ltr'><strong>Ipse</strong></span> 
     </span>
     <span class='ocr_line' id='line_1_88' title="bbox 1350 372 1640 412; baseline 0 0"><span class='ocrx_word' id='word_1_305' title='bbox 1350 373 1455 412; x_wconf 91' lang='lat' dir='ltr'><strong>enim</strong></span> <span class='ocrx_word' id='word_1_306' title='bbox 1474 372 1640 412; x_wconf 92' lang='lat' dir='ltr'><strong>herodes</strong></span> 
     </span>
     <span class='ocr_line' id='line_1_89' title="bbox 1350 436 1686 489; baseline 0.003 -16"><span class='ocrx_word' id='word_1_307' title='bbox 1350 436 1452 474; x_wconf 89' lang='lat' dir='ltr'><strong>misit</strong></span> <span class='ocrx_word' id='word_1_308' title='bbox 1471 436 1544 489; x_wconf 88' lang='lat' dir='ltr'><strong>hac</strong></span> <span class='ocrx_word' id='word_1_309' title='bbox 1565 436 1686 475; x_wconf 91' lang='lat' dir='ltr'><strong>tenuit</strong></span> 
     </span>
     <span class='ocr_line' id='line_1_90' title="bbox 1348 498 1698 538; baseline 0.003 -2"><span class='ocrx_word' id='word_1_310' title='bbox 1348 498 1558 538; x_wconf 86' lang='lat' dir='ltr'><strong>iohannem</strong></span> <span class='ocrx_word' id='word_1_311' title='bbox 1604 505 1642 537; x_wconf 92' lang='lat' dir='ltr'><strong>et</strong></span> <span class='ocrx_word' id='word_1_312' title='bbox 1661 498 1698 537; x_wconf 90' lang='lat' dir='ltr'><strong>al</strong></span> 
     </span>
     <span class='ocr_line' id='line_1_91' title="bbox 1348 560 1718 611; baseline 0.003 -13"><span class='ocrx_word' id='word_1_313' title='bbox 1348 560 1479 611; x_wconf 86' lang='lat' dir='ltr'><strong>ligauit</strong></span> <span class='ocrx_word' id='word_1_314' title='bbox 1498 573 1588 600; x_wconf 93' lang='lat' dir='ltr'><strong>eum</strong></span> <span class='ocrx_word' id='word_1_315' title='bbox 1608 567 1645 599; x_wconf 93' lang='lat' dir='ltr'><strong>et</strong></span> <span class='ocrx_word' id='word_1_316' title='bbox 1665 560 1718 599; x_wconf 91' lang='lat' dir='ltr'><strong>mi</strong></span> 
     </span>
     <span class='ocr_line' id='line_1_92' title="bbox 1349 623 1695 662; baseline 0.003 -1"><span class='ocrx_word' id='word_1_317' title='bbox 1349 623 1397 662; x_wconf 91' lang='lat' dir='ltr'><strong>sit</strong></span> <span class='ocrx_word' id='word_1_318' title='bbox 1415 623 1455 661; x_wconf 90' lang='lat' dir='ltr'><strong>in</strong></span> <span class='ocrx_word' id='word_1_319' title='bbox 1474 635 1670 662; x_wconf 87' lang='lat' dir='ltr'><strong>carcerem</strong></span> <span class='ocrx_word' id='word_1_320' title='bbox 1686 644 1695 654; x_wconf 93' lang='lat'><strong>·</strong></span> 
     </span>
     <span class='ocr_line' id='line_1_93' title="bbox 1350 685 1691 737; baseline 0.003 -13"><span class='ocrx_word' id='word_1_321' title='bbox 1350 685 1512 737; x_wconf 91' lang='lat' dir='ltr'><strong>Propter</strong></span> <span class='ocrx_word' id='word_1_322' title='bbox 1531 686 1691 725; x_wconf 88' lang='lat' dir='ltr'><strong>herodia</strong></span> 
     </span>
     <span class='ocr_line' id='line_1_94' title="bbox 1349 748 1655 787; baseline 0 -1"><span class='ocrx_word' id='word_1_323' title='bbox 1349 748 1439 787; x_wconf 90' lang='lat' dir='ltr'><strong>dem</strong></span> <span class='ocrx_word' id='word_1_324' title='bbox 1490 760 1655 787; x_wconf 87' lang='lat' dir='ltr'><strong>uxorem</strong></span> 
     </span>
     <span class='ocr_line' id='line_1_95' title="bbox 1349 811 1675 862; baseline 0.003 -14"><span class='ocrx_word' id='word_1_325' title='bbox 1349 811 1471 862; x_wconf 92' lang='lat' dir='ltr'><strong>filippi</strong></span> <span class='ocrx_word' id='word_1_326' title='bbox 1490 811 1653 849; x_wconf 88' lang='lat' dir='ltr'><strong>fratrisui</strong></span> <span class='ocrx_word' id='word_1_327' title='bbox 1666 831 1675 841; x_wconf 92' lang='lat'><strong>·</strong></span> 
     </span>
     <span class='ocr_line' id='line_1_96' title="bbox 1349 873 1687 924; baseline 0.003 -13"><span class='ocrx_word' id='word_1_328' title='bbox 1349 874 1439 924; x_wconf 89' lang='lat' dir='ltr'><strong>quia</strong></span> <span class='ocrx_word' id='word_1_329' title='bbox 1459 873 1619 912; x_wconf 88' lang='lat' dir='ltr'><strong>duxerat</strong></span> <span class='ocrx_word' id='word_1_330' title='bbox 1637 877 1687 912; x_wconf 83' lang='lat' dir='ltr'><strong>eii</strong></span> 
     </span>
     <span class='ocr_line' id='line_1_97' title="bbox 1348 936 1726 975; baseline 0.003 -1"><span class='ocrx_word' id='word_1_331' title='bbox 1348 948 1510 974; x_wconf 87' lang='lat' dir='ltr'><strong>uxorem</strong></span> <span class='ocrx_word' id='word_1_332' title='bbox 1523 956 1532 966; x_wconf 88' lang='lat'><strong>·</strong></span> <span class='ocrx_word' id='word_1_333' title='bbox 1589 936 1616 957; x_wconf 82' lang='lat'><strong>1⁸</strong></span> <span class='ocrx_word' id='word_1_334' title='bbox 1629 936 1726 975; x_wconf 90' lang='lat' dir='ltr'><strong>Dice</strong></span> 
     </span>
     <span class='ocr_line' id='line_1_98' title="bbox 1349 998 1676 1036; baseline 0 0"><span class='ocrx_word' id='word_1_335' title='bbox 1349 999 1415 1036; x_wconf 88' lang='lat' dir='ltr'><strong>bat</strong></span> <span class='ocrx_word' id='word_1_336' title='bbox 1433 999 1538 1036; x_wconf 90' lang='lat' dir='ltr'><strong>enim</strong></span> <span class='ocrx_word' id='word_1_337' title='bbox 1557 998 1676 1036; x_wconf 91' lang='lat' dir='ltr'><strong>iohan</strong></span> 
     </span>
     <span class='ocr_line' id='line_1_99' title="bbox 1349 1059 1686 1110; baseline 0 -12"><span class='ocrx_word' id='word_1_338' title='bbox 1349 1072 1419 1098; x_wconf 92' lang='lat' dir='ltr'><strong>nes</strong></span> <span class='ocrx_word' id='word_1_339' title='bbox 1439 1059 1574 1098; x_wconf 89' lang='lat' dir='ltr'><strong>herodi</strong></span> <span class='ocrx_word' id='word_1_340' title='bbox 1595 1061 1686 1110; x_wconf 87' lang='lat' dir='ltr'><strong>quia</strong></span> 
     </span>
     <span class='ocr_line' id='line_1_100' title="bbox 1349 1118 1711 1163; baseline 0.008 -3"><span class='ocrx_word' id='word_1_341' title='bbox 1349 1118 1430 1161; x_wconf 86' lang='lat' dir='ltr'><strong>non</strong></span> <span class='ocrx_word' id='word_1_342' title='bbox 1450 1123 1592 1161; x_wconf 87' lang='lat' dir='ltr'><strong>licetibi</strong></span> <span class='ocrx_word' id='word_1_343' title='bbox 1612 1123 1711 1163; x_wconf 92' lang='lat' dir='ltr'><strong>habe</strong></span> 
     </span>
     <span class='ocr_line' id='line_1_101' title="bbox 1348 1184 1644 1224; baseline 0.007 -2"><span class='ocrx_word' id='word_1_344' title='bbox 1348 1197 1388 1223; x_wconf 89' lang='lat' dir='ltr'><strong>re</strong></span> <span class='ocrx_word' id='word_1_345' title='bbox 1407 1197 1568 1224; x_wconf 91' lang='lat' dir='ltr'><strong>uxorem</strong></span> <span class='ocrx_word' id='word_1_346' title='bbox 1587 1184 1644 1224; x_wconf 88' lang='lat' dir='ltr'><strong>fra</strong></span> 
     </span>
    </p>

    <p class='ocr_par' dir='ltr' id='par_1_23' title="bbox 1346 1245 1747 1609">
     <span class='ocr_line' id='line_1_102' title="bbox 1348 1245 1747 1286; baseline 0.003 -1"><span class='ocrx_word' id='word_1_347' title='bbox 1348 1247 1414 1286; x_wconf 91' lang='lat' dir='ltr'><strong>tris</strong></span> <span class='ocrx_word' id='word_1_348' title='bbox 1434 1247 1488 1286; x_wconf 88' lang='lat' dir='ltr'><strong>tui</strong></span> <span class='ocrx_word' id='word_1_349' title='bbox 1504 1267 1513 1278; x_wconf 91' lang='lat'><strong>·</strong></span> <span class='ocrx_word' id='word_1_350' title='bbox 1529 1268 1538 1277; x_wconf 92' lang='lat'><strong>·</strong></span> <span class='ocrx_word' id='word_1_351' title='bbox 1553 1268 1562 1278; x_wconf 89' lang='lat'><strong>·</strong></span> <span class='ocrx_word' id='word_1_352' title='bbox 1593 1245 1623 1269; x_wconf 81' lang='lat'><strong>¹⁹</strong></span> <span class='ocrx_word' id='word_1_353' title='bbox 1636 1247 1747 1286; x_wconf 90' lang='lat' dir='ltr'><strong>Hero</strong></span> 
     </span>
     <span class='ocr_line' id='line_1_103' title="bbox 1349 1309 1712 1349; baseline -0.003 -1"><span class='ocrx_word' id='word_1_354' title='bbox 1349 1309 1431 1348; x_wconf 92' lang='lat' dir='ltr'><strong>dias</strong></span> <span class='ocrx_word' id='word_1_355' title='bbox 1451 1316 1580 1348; x_wconf 90' lang='lat' dir='ltr'><strong>autem</strong></span> <span class='ocrx_word' id='word_1_356' title='bbox 1600 1310 1712 1349; x_wconf 86' lang='lat' dir='ltr'><strong>insidi</strong></span> 
     </span>
     <span class='ocr_line' id='line_1_104' title="bbox 1348 1371 1642 1410; baseline -0.003 0"><span class='ocrx_word' id='word_1_357' title='bbox 1348 1372 1483 1410; x_wconf 88' lang='lat' dir='ltr'><strong>abatur</strong></span> <span class='ocrx_word' id='word_1_358' title='bbox 1497 1371 1549 1409; x_wconf 90' lang='lat' dir='ltr'><strong>illi</strong></span> <span class='ocrx_word' id='word_1_359' title='bbox 1604 1378 1642 1410; x_wconf 93' lang='lat' dir='ltr'><strong>et</strong></span> 
     </span>
     <span class='ocr_line' id='line_1_105' title="bbox 1347 1434 1639 1485; baseline 0 -13"><span class='ocrx_word' id='word_1_360' title='bbox 1347 1435 1533 1485; x_wconf 91' lang='lat' dir='ltr'><strong>querebat</strong></span> <span class='ocrx_word' id='word_1_361' title='bbox 1554 1434 1639 1473; x_wconf 90' lang='lat' dir='ltr'><strong>occi</strong></span> 
     </span>
     <span class='ocr_line' id='line_1_106' title="bbox 1348 1496 1734 1535; baseline 0 -1"><span class='ocrx_word' id='word_1_362' title='bbox 1348 1496 1438 1534; x_wconf 89' lang='lat' dir='ltr'><strong>dere</strong></span> <span class='ocrx_word' id='word_1_363' title='bbox 1458 1508 1548 1534; x_wconf 91' lang='lat' dir='ltr'><strong>eum</strong></span> <span class='ocrx_word' id='word_1_364' title='bbox 1595 1502 1632 1534; x_wconf 92' lang='lat' dir='ltr'><strong>et</strong></span> <span class='ocrx_word' id='word_1_365' title='bbox 1652 1508 1734 1535; x_wconf 89' lang='lat' dir='ltr'><strong>non</strong></span> 
     </span>
     <span class='ocr_line' id='line_1_107' title="bbox 1346 1557 1732 1609; baseline 0 -12"><span class='ocrx_word' id='word_1_366' title='bbox 1346 1565 1498 1609; x_wconf 88' lang='lat' dir='ltr'><strong>poterat</strong></span> <span class='ocrx_word' id='word_1_367' title='bbox 1511 1579 1520 1588; x_wconf 90' lang='lat'><em>-</em></span> <span class='ocrx_word' id='word_1_368' title='bbox 1534 1579 1543 1589; x_wconf 90' lang='lat'><strong>·</strong></span> <span class='ocrx_word' id='word_1_369' title='bbox 1558 1579 1567 1589; x_wconf 90' lang='lat'><strong>·</strong></span> <span class='ocrx_word' id='word_1_370' title='bbox 1597 1557 1626 1580; x_wconf 78' lang='lat'><strong>²⁰</strong></span> <span class='ocrx_word' id='word_1_371' title='bbox 1637 1558 1732 1597; x_wconf 89' lang='lat' dir='ltr'><strong>hero</strong></span> 
     </span>
    </p>
   </div>
   <div class='ocr_carea' id='block_1_12' title="bbox 1345 1645 1790 2932">
    <p class='ocr_par' dir='ltr' id='par_1_24' title="bbox 1347 1645 1726 1872">
     <span class='ocr_line' id='line_1_108' title="bbox 1348 1645 1677 1685; baseline 0.003 -1"><span class='ocrx_word' id='word_1_372' title='bbox 1348 1645 1417 1685; x_wconf 92' lang='lat' dir='ltr'><strong>des</strong></span> <span class='ocrx_word' id='word_1_373' title='bbox 1436 1652 1566 1685; x_wconf 88' lang='lat' dir='ltr'><strong>autem</strong></span> <span class='ocrx_word' id='word_1_374' title='bbox 1585 1646 1677 1685; x_wconf 90' lang='lat' dir='ltr'><strong>time</strong></span> 
     </span>
     <span class='ocr_line' id='line_1_109' title="bbox 1349 1708 1664 1747; baseline -0.003 0"><span class='ocrx_word' id='word_1_375' title='bbox 1349 1709 1414 1747; x_wconf 92' lang='lat' dir='ltr'><strong>bat</strong></span> <span class='ocrx_word' id='word_1_376' title='bbox 1432 1708 1642 1747; x_wconf 89' lang='lat' dir='ltr'><strong>iohannem</strong></span> <span class='ocrx_word' id='word_1_377' title='bbox 1655 1729 1664 1739; x_wconf 87' lang='lat'><strong>·</strong></span> 
     </span>
     <span class='ocr_line' id='line_1_110' title="bbox 1349 1771 1726 1809; baseline 0 0"><span class='ocrx_word' id='word_1_378' title='bbox 1349 1771 1475 1809; x_wconf 92' lang='lat' dir='ltr'><strong>sciens</strong></span> <span class='ocrx_word' id='word_1_379' title='bbox 1495 1783 1585 1809; x_wconf 91' lang='lat' dir='ltr'><strong>eum</strong></span> <span class='ocrx_word' id='word_1_380' title='bbox 1607 1771 1726 1809; x_wconf 74' lang='lat' dir='ltr'><strong>uiru-</strong></span> 
     </span>
     <span class='ocr_line' id='line_1_111' title="bbox 1347 1833 1653 1872; baseline 0.007 -2"><span class='ocrx_word' id='word_1_381' title='bbox 1347 1833 1492 1871; x_wconf 91' lang='lat' dir='ltr'><strong>iustum</strong></span> <span class='ocrx_word' id='word_1_382' title='bbox 1511 1840 1548 1872; x_wconf 90' lang='lat' dir='ltr'><strong>et</strong></span> <span class='ocrx_word' id='word_1_383' title='bbox 1569 1838 1653 1872; x_wconf 72' lang='lat' dir='ltr'><strong>scm</strong></span> 
     </span>
    </p>

    <p class='ocr_par' dir='ltr' id='par_1_25' title="bbox 1346 1896 1770 2059">
     <span class='ocr_line' id='line_1_112' title="bbox 1349 1896 1770 1935; baseline -0.002 0"><span class='ocrx_word' id='word_1_384' title='bbox 1349 1902 1386 1935; x_wconf 91' lang='lat' dir='ltr'><strong>et</strong></span> <span class='ocrx_word' id='word_1_385' title='bbox 1406 1896 1646 1934; x_wconf 82' lang='lat' dir='ltr'><strong>custodiebat</strong></span> <span class='ocrx_word' id='word_1_386' title='bbox 1665 1900 1770 1934; x_wconf 74' lang='lat' dir='ltr'><strong>esi——</strong></span> 
     </span>
     <span class='ocr_line' id='line_1_113' title="bbox 1347 1958 1741 2009; baseline 0.003 -13"><span class='ocrx_word' id='word_1_387' title='bbox 1347 1958 1398 1996; x_wconf 89' lang='lat' dir='ltr'><strong>Et</strong></span> <span class='ocrx_word' id='word_1_388' title='bbox 1417 1958 1546 1997; x_wconf 88' lang='lat' dir='ltr'><strong>audito</strong></span> <span class='ocrx_word' id='word_1_389' title='bbox 1565 1970 1612 1997; x_wconf 94' lang='lat' dir='ltr'><strong>eo</strong></span> <span class='ocrx_word' id='word_1_390' title='bbox 1633 1958 1741 2009; x_wconf 91' lang='lat' dir='ltr'><strong>quod</strong></span> 
     </span>
     <span class='ocr_line' id='line_1_114' title="bbox 1346 2020 1676 2059; baseline 0.003 -1"><span class='ocrx_word' id='word_1_391' title='bbox 1346 2021 1467 2059; x_wconf 92' lang='lat' dir='ltr'><strong>multa</strong></span> <span class='ocrx_word' id='word_1_392' title='bbox 1486 2020 1651 2059; x_wconf 86' lang='lat' dir='ltr'><strong>faciebat</strong></span> <span class='ocrx_word' id='word_1_393' title='bbox 1667 2041 1676 2050; x_wconf 93' lang='lat'><strong>·</strong></span> 
     </span>
    </p>

    <p class='ocr_par' dir='ltr' id='par_1_26' title="bbox 1346 2083 1790 2371">
     <span class='ocr_line' id='line_1_115' title="bbox 1346 2083 1673 2122; baseline 0 -1"><span class='ocrx_word' id='word_1_394' title='bbox 1346 2089 1384 2121; x_wconf 90' lang='lat' dir='ltr'><strong>et</strong></span> <span class='ocrx_word' id='word_1_395' title='bbox 1402 2083 1565 2122; x_wconf 89' lang='lat' dir='ltr'><strong>libenter</strong></span> <span class='ocrx_word' id='word_1_396' title='bbox 1583 2095 1673 2122; x_wconf 90' lang='lat' dir='ltr'><strong>eum</strong></span> 
     </span>
     <span class='ocr_line' id='line_1_116' title="bbox 1347 2144 1790 2185; baseline 0 -1"><span class='ocrx_word' id='word_1_397' title='bbox 1347 2145 1526 2184; x_wconf 88' lang='lat' dir='ltr'><strong>audiebat</strong></span> <span class='ocrx_word' id='word_1_398' title='bbox 1542 2167 1551 2176; x_wconf 92' lang='lat'><strong>·</strong></span> <span class='ocrx_word' id='word_1_399' title='bbox 1566 2167 1574 2176; x_wconf 89' lang='lat'><strong>·</strong></span> <span class='ocrx_word' id='word_1_400' title='bbox 1593 2165 1602 2176; x_wconf 88' lang='lat'><strong>·</strong></span> <span class='ocrx_word' id='word_1_401' title='bbox 1631 2144 1659 2166; x_wconf 79' lang='lat'><strong>²¹</strong></span> <span class='ocrx_word' id='word_1_402' title='bbox 1670 2146 1722 2184; x_wconf 90' lang='lat' dir='ltr'><strong>Et</strong></span> <span class='ocrx_word' id='word_1_403' title='bbox 1741 2150 1790 2185; x_wconf 77' lang='grc' dir='ltr'><strong>οῦ</strong></span> 
     </span>
     <span class='ocr_line' id='line_1_117' title="bbox 1348 2208 1664 2258; baseline 0 -12"><span class='ocrx_word' id='word_1_404' title='bbox 1348 2208 1429 2246; x_wconf 92' lang='lat' dir='ltr'><strong>dies</strong></span> <span class='ocrx_word' id='word_1_405' title='bbox 1450 2214 1664 2258; x_wconf 90' lang='lat' dir='ltr'><strong>opurtunus</strong></span> 
     </span>
     <span class='ocr_line' id='line_1_118' title="bbox 1347 2270 1705 2309; baseline 0.003 -1"><span class='ocrx_word' id='word_1_406' title='bbox 1347 2270 1559 2309; x_wconf 87' lang='lat' dir='ltr'><strong>accedisset</strong></span> <span class='ocrx_word' id='word_1_407' title='bbox 1572 2291 1581 2301; x_wconf 89' lang='lat'><strong>·</strong></span> <span class='ocrx_word' id='word_1_408' title='bbox 1639 2270 1705 2309; x_wconf 92' lang='lat' dir='ltr'><strong>He</strong></span> 
     </span>
     <span class='ocr_line' id='line_1_119' title="bbox 1347 2332 1618 2371; baseline 0.004 -1"><span class='ocrx_word' id='word_1_409' title='bbox 1347 2332 1459 2371; x_wconf 90' lang='lat' dir='ltr'><strong>rodes</strong></span> <span class='ocrx_word' id='word_1_410' title='bbox 1479 2332 1618 2371; x_wconf 89' lang='lat' dir='ltr'><strong>natalis</strong></span> 
     </span>
    </p>

    <p class='ocr_par' dir='ltr' id='par_1_27' title="bbox 1346 2394 1690 2631">
     <span class='ocr_line' id='line_1_120' title="bbox 1348 2394 1673 2433; baseline -0.003 0"><span class='ocrx_word' id='word_1_411' title='bbox 1348 2395 1406 2433; x_wconf 88' lang='lat' dir='ltr'><strong>sui</strong></span> <span class='ocrx_word' id='word_1_412' title='bbox 1426 2407 1566 2433; x_wconf 91' lang='lat' dir='ltr'><strong>cenam</strong></span> <span class='ocrx_word' id='word_1_413' title='bbox 1584 2394 1673 2433; x_wconf 90' lang='lat' dir='ltr'><strong>fecit</strong></span> 
     </span>
     <span class='ocr_line' id='line_1_121' title="bbox 1347 2457 1690 2507; baseline 0.006 -13"><span class='ocrx_word' id='word_1_414' title='bbox 1347 2457 1579 2507; x_wconf 84' lang='lat' dir='ltr'><strong>principibus</strong></span> <span class='ocrx_word' id='word_1_415' title='bbox 1592 2467 1603 2488; x_wconf 83' lang='lat'><strong>·-</strong></span> <span class='ocrx_word' id='word_1_416' title='bbox 1652 2463 1690 2496; x_wconf 93' lang='lat' dir='ltr'><strong>et</strong></span> 
     </span>
     <span class='ocr_line' id='line_1_122' title="bbox 1346 2519 1686 2570; baseline 0 -12"><span class='ocrx_word' id='word_1_417' title='bbox 1346 2519 1507 2558; x_wconf 88' lang='lat' dir='ltr'><strong>tribunis</strong></span> <span class='ocrx_word' id='word_1_418' title='bbox 1521 2540 1530 2549; x_wconf 92' lang='lat'><strong>·</strong></span> <span class='ocrx_word' id='word_1_419' title='bbox 1570 2525 1609 2558; x_wconf 94' lang='lat' dir='ltr'><strong>et</strong></span> <span class='ocrx_word' id='word_1_420' title='bbox 1627 2520 1686 2570; x_wconf 92' lang='lat' dir='ltr'><strong>pri</strong></span> 
     </span>
     <span class='ocr_line' id='line_1_123' title="bbox 1346 2581 1626 2631; baseline 0.004 -12"><span class='ocrx_word' id='word_1_421' title='bbox 1346 2581 1420 2619; x_wconf 91' lang='lat' dir='ltr'><strong>mis</strong></span> <span class='ocrx_word' id='word_1_422' title='bbox 1439 2581 1601 2631; x_wconf 86' lang='lat' dir='ltr'><strong>galileae</strong></span> <span class='ocrx_word' id='word_1_423' title='bbox 1617 2602 1626 2612; x_wconf 92' lang='lat'><strong>·</strong></span> 
     </span>
    </p>

    <p class='ocr_par' dir='ltr' id='par_1_28' title="bbox 1345 2641 1720 2932">
     <span class='ocr_line' id='line_1_124' title="bbox 1345 2641 1720 2694; baseline 0.003 -12"><span class='ocrx_word' id='word_1_424' title='bbox 1345 2641 1375 2663; x_wconf 80' lang='lat'><strong>²²</strong></span> <span class='ocrx_word' id='word_1_425' title='bbox 1387 2643 1564 2694; x_wconf 92' lang='lat' dir='ltr'><strong>Cumque</strong></span> <span class='ocrx_word' id='word_1_426' title='bbox 1585 2643 1720 2683; x_wconf 88' lang='lat' dir='ltr'><strong>introis</strong></span> 
     </span>
     <span class='ocr_line' id='line_1_125' title="bbox 1345 2705 1638 2755; baseline 0 -11"><span class='ocrx_word' id='word_1_427' title='bbox 1345 2711 1404 2744; x_wconf 91' lang='lat' dir='ltr'><strong>set</strong></span> <span class='ocrx_word' id='word_1_428' title='bbox 1422 2705 1499 2743; x_wconf 87' lang='lat' dir='ltr'><strong>filia</strong></span> <span class='ocrx_word' id='word_1_429' title='bbox 1518 2706 1638 2755; x_wconf 89' lang='lat' dir='ltr'><strong>ipsius</strong></span> 
     </span>
     <span class='ocr_line' id='line_1_126' title="bbox 1345 2767 1624 2806; baseline 0.004 -1"><span class='ocrx_word' id='word_1_430' title='bbox 1345 2767 1564 2806; x_wconf 88' lang='lat' dir='ltr'><strong>herodiadis</strong></span> <span class='ocrx_word' id='word_1_431' title='bbox 1585 2774 1624 2806; x_wconf 92' lang='lat' dir='ltr'><strong>et</strong></span> 
     </span>
     <span class='ocr_line' id='line_1_127' title="bbox 1346 2829 1659 2880; baseline 0 -12"><span class='ocrx_word' id='word_1_432' title='bbox 1346 2829 1520 2868; x_wconf 88' lang='lat' dir='ltr'><strong>saltasset</strong></span> <span class='ocrx_word' id='word_1_433' title='bbox 1538 2836 1576 2868; x_wconf 92' lang='lat' dir='ltr'><strong>et</strong></span> <span class='ocrx_word' id='word_1_434' title='bbox 1594 2829 1659 2880; x_wconf 89' lang='lat' dir='ltr'><strong>pla</strong></span> 
     </span>
     <span class='ocr_line' id='line_1_128' title="bbox 1345 2891 1637 2932; baseline 0 -2"><span class='ocrx_word' id='word_1_435' title='bbox 1345 2892 1484 2931; x_wconf 89' lang='lat' dir='ltr'><strong>cuisset</strong></span> <span class='ocrx_word' id='word_1_436' title='bbox 1502 2891 1637 2932; x_wconf 91' lang='lat' dir='ltr'><strong>herodi</strong></span> 
     </span>
    </p>
   </div>
   <div class='ocr_carea' id='block_1_13' title="bbox 2241 207 2324 251">
    <p class='ocr_par' dir='ltr' id='par_1_29' title="bbox 2241 207 2324 251">
     <span class='ocr_line' id='line_1_129' title="bbox 2241 207 2324 251; baseline 0.024 -15"><span class='ocrx_word' id='word_1_437' title='bbox 2241 207 2324 251; x_wconf 90' lang='lat'><strong>119</strong></span> 
     </span>
    </p>
   </div>
   <div class='ocr_carea' id='block_1_14' title="bbox 1850 310 2321 1611">
    <p class='ocr_par' dir='ltr' id='par_1_30' title="bbox 1852 310 2205 414">
     <span class='ocr_line' id='line_1_130' title="bbox 1854 310 2205 362; baseline 0.006 -14"><span class='ocrx_word' id='word_1_438' title='bbox 1854 310 2053 362; x_wconf 91' lang='lat' dir='ltr'><strong>Simulque</strong></span> <span class='ocrx_word' id='word_1_439' title='bbox 2072 323 2205 351; x_wconf 92' lang='lat' dir='ltr'><strong>recum</strong></span> 
     </span>
     <span class='ocr_line' id='line_1_131' title="bbox 1852 374 2179 414; baseline 0.006 -3"><span class='ocrx_word' id='word_1_440' title='bbox 1852 374 2031 413; x_wconf 90' lang='lat' dir='ltr'><strong>bentibus</strong></span> <span class='ocrx_word' id='word_1_441' title='bbox 2047 396 2055 405; x_wconf 94' lang='lat'><strong>·</strong></span> <span class='ocrx_word' id='word_1_442' title='bbox 2074 396 2082 405; x_wconf 92' lang='lat'><strong>·</strong></span> <span class='ocrx_word' id='word_1_443' title='bbox 2110 387 2179 414; x_wconf 91' lang='lat' dir='ltr'><strong>rex</strong></span> 
     </span>
    </p>

    <p class='ocr_par' dir='ltr' id='par_1_31' title="bbox 1852 437 2182 488">
     <span class='ocr_line' id='line_1_132' title="bbox 1852 437 2182 488; baseline 0.003 -13"><span class='ocrx_word' id='word_1_444' title='bbox 1852 437 1904 475; x_wconf 89' lang='lat' dir='ltr'><strong>ait</strong></span> <span class='ocrx_word' id='word_1_445' title='bbox 1923 437 2074 487; x_wconf 91' lang='lat' dir='ltr'><strong>puellae</strong></span> <span class='ocrx_word' id='word_1_446' title='bbox 2093 444 2182 488; x_wconf 90' lang='lat' dir='ltr'><strong>pete</strong></span> 
     </span>
    </p>

    <p class='ocr_par' dir='ltr' id='par_1_32' title="bbox 1851 499 2321 975">
     <span class='ocr_line' id='line_1_133' title="bbox 1851 499 2247 550; baseline 0.003 -12"><span class='ocrx_word' id='word_1_447' title='bbox 1851 499 1907 538; x_wconf 79' lang='lat' dir='ltr'><strong>ad</strong></span> <span class='ocrx_word' id='word_1_448' title='bbox 1923 510 1986 537; x_wconf 91' lang='lat' dir='ltr'><strong>me</strong></span> <span class='ocrx_word' id='word_1_449' title='bbox 2006 500 2114 550; x_wconf 92' lang='lat' dir='ltr'><strong>quod</strong></span> <span class='ocrx_word' id='word_1_450' title='bbox 2131 500 2191 538; x_wconf 92' lang='lat' dir='ltr'><strong>uis</strong></span> <span class='ocrx_word' id='word_1_451' title='bbox 2209 507 2247 539; x_wconf 90' lang='lat' dir='ltr'><strong>et</strong></span> 
     </span>
     <span class='ocr_line' id='line_1_134' title="bbox 1853 561 2321 602; baseline 0.006 -3"><span class='ocrx_word' id='word_1_452' title='bbox 1853 561 1957 599; x_wconf 92' lang='lat' dir='ltr'><strong>dabo</strong></span> <span class='ocrx_word' id='word_1_453' title='bbox 1976 561 2065 600; x_wconf 91' lang='lat' dir='ltr'><strong>tibi·</strong></span> <span class='ocrx_word' id='word_1_454' title='bbox 2083 582 2093 592; x_wconf 90' lang='lat'><strong>·</strong></span> <span class='ocrx_word' id='word_1_455' title='bbox 2128 562 2156 585; x_wconf 78' lang='lat'><strong>²³</strong></span> <span class='ocrx_word' id='word_1_456' title='bbox 2167 562 2219 601; x_wconf 93' lang='lat' dir='ltr'><strong>Et</strong></span> <span class='ocrx_word' id='word_1_457' title='bbox 2238 563 2321 602; x_wconf 85' lang='lat' dir='ltr'><strong>iura</strong></span> 
     </span>
     <span class='ocr_line' id='line_1_135' title="bbox 1851 624 2143 664; baseline 0.014 -4"><span class='ocrx_word' id='word_1_458' title='bbox 1851 624 1907 661; x_wconf 90' lang='lat' dir='ltr'><strong>uit</strong></span> <span class='ocrx_word' id='word_1_459' title='bbox 1925 624 1978 661; x_wconf 91' lang='lat' dir='ltr'><strong>illi</strong></span> <span class='ocrx_word' id='word_1_460' title='bbox 1997 624 2118 664; x_wconf 89' lang='lat' dir='ltr'><strong>multa</strong></span> <span class='ocrx_word' id='word_1_461' title='bbox 2134 645 2143 656; x_wconf 89' lang='lat'><strong>·</strong></span> 
     </span>
     <span class='ocr_line' id='line_1_136' title="bbox 1854 685 2259 739; baseline 0.007 -15"><span class='ocrx_word' id='word_1_462' title='bbox 1854 685 1974 733; x_wconf 86' lang='lat' dir='ltr'><strong>Quod</strong></span> <span class='ocrx_word' id='word_1_463' title='bbox 1994 687 2181 737; x_wconf 91' lang='lat' dir='ltr'><strong>quidquid</strong></span> <span class='ocrx_word' id='word_1_464' title='bbox 2200 699 2259 739; x_wconf 85' lang='lat' dir='ltr'><strong>pe</strong></span> 
     </span>
     <span class='ocr_line' id='line_1_137' title="bbox 1852 749 2188 789; baseline 0.009 -3"><span class='ocrx_word' id='word_1_465' title='bbox 1852 749 1955 788; x_wconf 87' lang='lat' dir='ltr'><strong>tieris</strong></span> <span class='ocrx_word' id='word_1_466' title='bbox 1976 749 2078 789; x_wconf 91' lang='lat' dir='ltr'><strong>dabo</strong></span> <span class='ocrx_word' id='word_1_467' title='bbox 2097 750 2166 788; x_wconf 89' lang='lat' dir='ltr'><strong>tibi</strong></span> <span class='ocrx_word' id='word_1_468' title='bbox 2179 771 2188 781; x_wconf 90' lang='lat'><strong>·</strong></span> 
     </span>
     <span class='ocr_line' id='line_1_138' title="bbox 1851 809 2158 850; baseline 0.007 -2"><span class='ocrx_word' id='word_1_469' title='bbox 1851 809 1940 850; x_wconf 90' lang='lat' dir='ltr'><strong>licet</strong></span> <span class='ocrx_word' id='word_1_470' title='bbox 1955 811 2158 850; x_wconf 88' lang='lat' dir='ltr'><strong>dimidium</strong></span> 
     </span>
     <span class='ocr_line' id='line_1_139' title="bbox 1851 874 2254 925; baseline 0.005 -14"><span class='ocrx_word' id='word_1_471' title='bbox 1851 874 1962 923; x_wconf 91' lang='lat' dir='ltr'><strong>regni</strong></span> <span class='ocrx_word' id='word_1_472' title='bbox 1981 875 2058 912; x_wconf 93' lang='lat' dir='ltr'><strong>mei</strong></span> <span class='ocrx_word' id='word_1_473' title='bbox 2072 895 2081 904; x_wconf 89' lang='lat'><strong>·</strong></span> <span class='ocrx_word' id='word_1_474' title='bbox 2099 895 2108 904; x_wconf 92' lang='lat'>-</span> <span class='ocrx_word' id='word_1_475' title='bbox 2138 875 2167 896; x_wconf 73' lang='lat'><strong>²⁴</strong></span> <span class='ocrx_word' id='word_1_476' title='bbox 2178 886 2254 925; x_wconf 90' lang='lat' dir='ltr'><strong>que</strong></span> 
     </span>
     <span class='ocr_line' id='line_1_140' title="bbox 1853 936 2190 975; baseline 0.006 -2"><span class='ocrx_word' id='word_1_477' title='bbox 1853 948 1943 974; x_wconf 91' lang='lat' dir='ltr'><strong>cum</strong></span> <span class='ocrx_word' id='word_1_478' title='bbox 1963 937 2106 975; x_wconf 87' lang='lat' dir='ltr'><strong>exisset</strong></span> <span class='ocrx_word' id='word_1_479' title='bbox 2125 936 2190 975; x_wconf 89' lang='lat' dir='ltr'><strong>dix</strong></span> 
     </span>
    </p>

    <p class='ocr_par' dir='ltr' id='par_1_33' title="bbox 1852 998 2122 1038">
     <span class='ocr_line' id='line_1_141' title="bbox 1852 998 2122 1038; baseline 0.011 -3"><span class='ocrx_word' id='word_1_480' title='bbox 1852 998 1880 1036; x_wconf 88' lang='lat' dir='ltr'><strong>it</strong></span> <span class='ocrx_word' id='word_1_481' title='bbox 1899 999 2011 1036; x_wconf 91' lang='lat' dir='ltr'><strong>matri</strong></span> <span class='ocrx_word' id='word_1_482' title='bbox 2031 1010 2122 1038; x_wconf 91' lang='lat' dir='ltr'><strong>suae</strong></span> 
     </span>
    </p>

    <p class='ocr_par' dir='ltr' id='par_1_34' title="bbox 1850 1061 2260 1611">
     <span class='ocr_line' id='line_1_142' title="bbox 1853 1061 2254 1111; baseline 0.005 -13"><span class='ocrx_word' id='word_1_483' title='bbox 1853 1061 1946 1110; x_wconf 90' lang='lat' dir='ltr'><strong>quid</strong></span> <span class='ocrx_word' id='word_1_484' title='bbox 1966 1068 2096 1111; x_wconf 90' lang='lat' dir='ltr'><strong>petam</strong></span> <span class='ocrx_word' id='word_1_485' title='bbox 2112 1082 2121 1092; x_wconf 88' lang='lat'><strong>·</strong></span> <span class='ocrx_word' id='word_1_486' title='bbox 2156 1061 2209 1101; x_wconf 93' lang='lat' dir='ltr'><strong>At</strong></span> <span class='ocrx_word' id='word_1_487' title='bbox 2228 1061 2254 1100; x_wconf 90' lang='lat' dir='ltr'><strong>il</strong></span> 
     </span>
     <span class='ocr_line' id='line_1_143' title="bbox 1851 1123 2206 1175; baseline 0.008 -14"><span class='ocrx_word' id='word_1_488' title='bbox 1851 1123 1889 1162; x_wconf 91' lang='lat' dir='ltr'><strong>la</strong></span> <span class='ocrx_word' id='word_1_489' title='bbox 1909 1123 2003 1162; x_wconf 84' lang='lat' dir='ltr'><strong>dixit</strong></span> <span class='ocrx_word' id='word_1_490' title='bbox 2018 1144 2027 1154; x_wconf 91' lang='lat'><strong>·</strong></span> <span class='ocrx_word' id='word_1_491' title='bbox 2084 1123 2206 1175; x_wconf 90' lang='lat' dir='ltr'><strong>kaput</strong></span> 
     </span>
     <span class='ocr_line' id='line_1_144' title="bbox 1851 1185 2178 1237; baseline 0.006 -14"><span class='ocrx_word' id='word_1_492' title='bbox 1851 1185 2032 1224; x_wconf 86' lang='lat' dir='ltr'><strong>iohannis</strong></span> <span class='ocrx_word' id='word_1_493' title='bbox 2051 1187 2178 1237; x_wconf 89' lang='lat' dir='ltr'><strong>baptis</strong></span> 
     </span>
     <span class='ocr_line' id='line_1_145' title="bbox 1852 1248 2260 1300; baseline 0.007 -15"><span class='ocrx_word' id='word_1_494' title='bbox 1852 1254 1914 1286; x_wconf 89' lang='lat' dir='ltr'><strong>tae</strong></span> <span class='ocrx_word' id='word_1_495' title='bbox 1932 1268 1940 1277; x_wconf 93' lang='lat'><strong>·</strong></span> <span class='ocrx_word' id='word_1_496' title='bbox 1958 1268 1967 1278; x_wconf 90' lang='lat'><strong>·</strong></span> <span class='ocrx_word' id='word_1_497' title='bbox 1984 1269 1993 1279; x_wconf 87' lang='lat'><strong>·</strong></span> <span class='ocrx_word' id='word_1_498' title='bbox 2037 1248 2066 1270; x_wconf 78' lang='lat'><strong>²⁶</strong></span> <span class='ocrx_word' id='word_1_499' title='bbox 2079 1249 2260 1300; x_wconf 91' lang='lat' dir='ltr'><strong>Cumque</strong></span> 
     </span>
     <span class='ocr_line' id='line_1_146' title="bbox 1851 1310 2172 1350; baseline 0.009 -3"><span class='ocrx_word' id='word_1_500' title='bbox 1851 1310 2044 1349; x_wconf 89' lang='lat' dir='ltr'><strong>introisset</strong></span> <span class='ocrx_word' id='word_1_501' title='bbox 2063 1312 2113 1350; x_wconf 90' lang='lat' dir='ltr'><strong>ad</strong></span> <span class='ocrx_word' id='word_1_502' title='bbox 2132 1324 2172 1350; x_wconf 91' lang='lat' dir='ltr'><strong>re</strong></span> 
     </span>
     <span class='ocr_line' id='line_1_147' title="bbox 1850 1373 2214 1422; baseline 0.008 -13"><span class='ocrx_word' id='word_1_503' title='bbox 1850 1384 1942 1422; x_wconf 87' lang='lat' dir='ltr'><strong>gem</strong></span> <span class='ocrx_word' id='word_1_504' title='bbox 1955 1394 1963 1403; x_wconf 91' lang='lat'><strong>·</strong></span> <span class='ocrx_word' id='word_1_505' title='bbox 2007 1373 2059 1411; x_wconf 87' lang='lat' dir='ltr'><strong>ait</strong></span> <span class='ocrx_word' id='word_1_506' title='bbox 2079 1373 2214 1413; x_wconf 89' lang='lat' dir='ltr'><strong>confes</strong></span> 
     </span>
     <span class='ocr_line' id='line_1_148' title="bbox 1850 1435 2245 1476; baseline 0.01 -4"><span class='ocrx_word' id='word_1_507' title='bbox 1850 1435 1918 1472; x_wconf 89' lang='lat' dir='ltr'><strong>tim</strong></span> <span class='ocrx_word' id='word_1_508' title='bbox 1935 1455 1944 1464; x_wconf 91' lang='lat'><strong>·</strong></span> <span class='ocrx_word' id='word_1_509' title='bbox 2001 1435 2051 1474; x_wconf 92' lang='lat' dir='ltr'><strong>da</strong></span> <span class='ocrx_word' id='word_1_510' title='bbox 2070 1436 2163 1474; x_wconf 87' lang='lat' dir='ltr'><strong>mihi</strong></span> <span class='ocrx_word' id='word_1_511' title='bbox 2182 1436 2245 1476; x_wconf 90' lang='lat' dir='ltr'><strong>hic</strong></span> 
     </span>
     <span class='ocr_line' id='line_1_149' title="bbox 1850 1496 2159 1548; baseline 0.006 -13"><span class='ocrx_word' id='word_1_512' title='bbox 1850 1496 1890 1535; x_wconf 90' lang='lat' dir='ltr'><strong>in</strong></span> <span class='ocrx_word' id='word_1_513' title='bbox 1910 1497 2018 1536; x_wconf 92' lang='lat' dir='ltr'><strong>disco</strong></span> <span class='ocrx_word' id='word_1_514' title='bbox 2038 1497 2159 1548; x_wconf 92' lang='lat' dir='ltr'><strong>kaput</strong></span> 
     </span>
     <span class='ocr_line' id='line_1_150' title="bbox 1850 1559 2239 1611; baseline 0.008 -14"><span class='ocrx_word' id='word_1_515' title='bbox 1850 1559 2028 1599; x_wconf 86' lang='lat' dir='ltr'><strong>iohannis</strong></span> <span class='ocrx_word' id='word_1_516' title='bbox 2049 1561 2239 1611; x_wconf 89' lang='lat' dir='ltr'><strong>baptistae</strong></span> 
     </span>
    </p>
   </div>
   <div class='ocr_carea' id='block_1_15' title="bbox 1845 1643 2286 2947">
    <p class='ocr_par' dir='ltr' id='par_1_35' title="bbox 1851 1643 2284 1811">
     <span class='ocr_line' id='line_1_151' title="bbox 1851 1643 2284 1688; baseline 0.009 -5"><span class='ocrx_word' id='word_1_517' title='bbox 1851 1643 1880 1667; x_wconf 73' lang='lat'><strong>²⁴³</strong></span> <span class='ocrx_word' id='word_1_518' title='bbox 1891 1644 1941 1684; x_wconf 91' lang='lat' dir='ltr'><strong>Et</strong></span> <span class='ocrx_word' id='word_1_519' title='bbox 1960 1648 2203 1687; x_wconf 89' lang='lat' dir='ltr'><strong>contristatus</strong></span> <span class='ocrx_word' id='word_1_520' title='bbox 2222 1648 2284 1688; x_wconf 90' lang='lat' dir='ltr'><strong>fac</strong></span> 
     </span>
     <span class='ocr_line' id='line_1_152' title="bbox 1851 1714 2259 1762; baseline 0.01 -16"><span class='ocrx_word' id='word_1_521' title='bbox 1851 1714 1912 1747; x_wconf 90' lang='lat' dir='ltr'><strong>tus</strong></span> <span class='ocrx_word' id='word_1_522' title='bbox 1933 1716 1989 1747; x_wconf 90' lang='lat' dir='ltr'><strong>est</strong></span> <span class='ocrx_word' id='word_1_523' title='bbox 2007 1722 2075 1748; x_wconf 93' lang='lat' dir='ltr'><strong>rex</strong></span> <span class='ocrx_word' id='word_1_524' title='bbox 2094 1731 2103 1741; x_wconf 89' lang='lat'><strong>·</strong></span> <span class='ocrx_word' id='word_1_525' title='bbox 2160 1723 2259 1762; x_wconf 91' lang='lat' dir='ltr'><strong>prop</strong></span> 
     </span>
     <span class='ocr_line' id='line_1_153' title="bbox 1851 1771 2190 1811; baseline 0.006 -2"><span class='ocrx_word' id='word_1_526' title='bbox 1851 1777 1907 1809; x_wconf 93' lang='lat' dir='ltr'><strong>ter</strong></span> <span class='ocrx_word' id='word_1_527' title='bbox 1925 1771 2190 1811; x_wconf 89' lang='lat' dir='ltr'><strong>iusiurandum</strong></span> 
     </span>
    </p>

    <p class='ocr_par' dir='ltr' id='par_1_36' title="bbox 1850 1833 2209 1936">
     <span class='ocr_line' id='line_1_154' title="bbox 1850 1833 2209 1885; baseline 0.008 -14"><span class='ocrx_word' id='word_1_528' title='bbox 1850 1833 1902 1872; x_wconf 92' lang='lat' dir='ltr'><strong>Et</strong></span> <span class='ocrx_word' id='word_1_529' title='bbox 1920 1841 2076 1885; x_wconf 93' lang='lat' dir='ltr'><strong>propter</strong></span> <span class='ocrx_word' id='word_1_530' title='bbox 2097 1835 2209 1874; x_wconf 90' lang='lat' dir='ltr'><strong>simul</strong></span> 
     </span>
     <span class='ocr_line' id='line_1_155' title="bbox 1851 1895 2138 1936; baseline 0.007 -2"><span class='ocrx_word' id='word_1_531' title='bbox 1851 1895 2138 1936; x_wconf 89' lang='lat' dir='ltr'><strong>discumbentes</strong></span> 
     </span>
    </p>

    <p class='ocr_par' dir='ltr' id='par_1_37' title="bbox 1847 1958 2286 2196">
     <span class='ocr_line' id='line_1_156' title="bbox 1849 1958 2240 1998; baseline 0.01 -3"><span class='ocrx_word' id='word_1_532' title='bbox 1849 1958 1971 1996; x_wconf 91' lang='lat' dir='ltr'><strong>noluit</strong></span> <span class='ocrx_word' id='word_1_533' title='bbox 1989 1970 2076 1996; x_wconf 90' lang='lat' dir='ltr'><strong>eam</strong></span> <span class='ocrx_word' id='word_1_534' title='bbox 2097 1960 2240 1998; x_wconf 89' lang='lat' dir='ltr'><strong>contris</strong></span> 
     </span>
     <span class='ocr_line' id='line_1_157' title="bbox 1848 2019 2286 2062; baseline 0.009 -4"><span class='ocrx_word' id='word_1_535' title='bbox 1848 2026 1929 2059; x_wconf 88' lang='lat' dir='ltr'><strong>tare</strong></span> <span class='ocrx_word' id='word_1_536' title='bbox 1945 2041 1954 2051; x_wconf 89' lang='lat'><strong>·</strong></span> <span class='ocrx_word' id='word_1_537' title='bbox 2010 2019 2039 2042; x_wconf 74' lang='lat'><strong>²⁷</strong></span> <span class='ocrx_word' id='word_1_538' title='bbox 2050 2021 2101 2060; x_wconf 90' lang='lat' dir='ltr'><strong>Et</strong></span> <span class='ocrx_word' id='word_1_539' title='bbox 2121 2022 2286 2062; x_wconf 79' lang='lat' dir='ltr'><strong>confesti</strong></span> 
     </span>
     <span class='ocr_line' id='line_1_158' title="bbox 1848 2083 2181 2135; baseline 0.009 -15"><span class='ocrx_word' id='word_1_540' title='bbox 1848 2083 2003 2122; x_wconf 88' lang='lat' dir='ltr'><strong>mittens</strong></span> <span class='ocrx_word' id='word_1_541' title='bbox 2023 2085 2181 2135; x_wconf 89' lang='lat' dir='ltr'><strong>speculu</strong></span> 
     </span>
     <span class='ocr_line' id='line_1_159' title="bbox 1847 2144 2142 2196; baseline 0.007 -13"><span class='ocrx_word' id='word_1_542' title='bbox 1847 2144 2007 2184; x_wconf 89' lang='lat' dir='ltr'><strong>latorem</strong></span> <span class='ocrx_word' id='word_1_543' title='bbox 2026 2158 2142 2196; x_wconf 90' lang='lat' dir='ltr'><strong>prece</strong></span> 
     </span>
    </p>

    <p class='ocr_par' dir='ltr' id='par_1_38' title="bbox 1846 2207 2220 2321">
     <span class='ocr_line' id='line_1_160' title="bbox 1846 2207 2197 2259; baseline 0.009 -14"><span class='ocrx_word' id='word_1_544' title='bbox 1846 2207 1903 2257; x_wconf 92' lang='lat' dir='ltr'><strong>pit</strong></span> <span class='ocrx_word' id='word_1_545' title='bbox 1922 2207 2062 2247; x_wconf 89' lang='lat' dir='ltr'><strong>adferri</strong></span> <span class='ocrx_word' id='word_1_546' title='bbox 2081 2215 2197 2259; x_wconf 88' lang='lat' dir='ltr'><strong>caput</strong></span> 
     </span>
     <span class='ocr_line' id='line_1_161' title="bbox 1847 2269 2220 2321; baseline 0.003 -13"><span class='ocrx_word' id='word_1_547' title='bbox 1847 2269 1928 2308; x_wconf 89' lang='lat' dir='ltr'><strong>eius</strong></span> <span class='ocrx_word' id='word_1_548' title='bbox 1942 2291 1950 2300; x_wconf 93' lang='lat'>·</span> <span class='ocrx_word' id='word_1_549' title='bbox 1992 2270 2109 2321; x_wconf 88' lang='lat' dir='ltr'><strong>Isque</strong></span> <span class='ocrx_word' id='word_1_550' title='bbox 2129 2271 2220 2310; x_wconf 90' lang='lat' dir='ltr'><strong>abiit</strong></span> 
     </span>
    </p>

    <p class='ocr_par' dir='ltr' id='par_1_39' title="bbox 1847 2332 2195 2371">
     <span class='ocr_line' id='line_1_162' title="bbox 1847 2332 2195 2371; baseline 0.003 -1"><span class='ocrx_word' id='word_1_551' title='bbox 1847 2338 1886 2370; x_wconf 92' lang='lat' dir='ltr'><strong>et</strong></span> <span class='ocrx_word' id='word_1_552' title='bbox 1905 2332 2110 2371; x_wconf 87' lang='lat' dir='ltr'><strong>decollauit</strong></span> <span class='ocrx_word' id='word_1_553' title='bbox 2129 2333 2195 2371; x_wconf 76' lang='lat' dir='ltr'><strong>illu</strong></span> 
     </span>
    </p>

    <p class='ocr_par' dir='ltr' id='par_1_40' title="bbox 1847 2394 2281 2507">
     <span class='ocr_line' id='line_1_163' title="bbox 1847 2394 2281 2436; baseline 0.009 -4"><span class='ocrx_word' id='word_1_554' title='bbox 1847 2395 1887 2432; x_wconf 91' lang='lat' dir='ltr'><strong>in</strong></span> <span class='ocrx_word' id='word_1_555' title='bbox 1907 2406 2104 2433; x_wconf 88' lang='lat' dir='ltr'><strong>carcerem</strong></span> <span class='ocrx_word' id='word_1_556' title='bbox 2120 2416 2129 2426; x_wconf 92' lang='lat'><strong>·</strong></span> <span class='ocrx_word' id='word_1_557' title='bbox 2188 2394 2216 2417; x_wconf 83' lang='lat'><strong>²⁸</strong></span> <span class='ocrx_word' id='word_1_558' title='bbox 2229 2395 2281 2436; x_wconf 90' lang='lat' dir='ltr'><strong>Et</strong></span> 
     </span>
     <span class='ocr_line' id='line_1_164' title="bbox 1847 2457 2214 2507; baseline 0.011 -13"><span class='ocrx_word' id='word_1_559' title='bbox 1847 2457 1969 2495; x_wconf 90' lang='lat' dir='ltr'><strong>attulit</strong></span> <span class='ocrx_word' id='word_1_560' title='bbox 1987 2458 2115 2507; x_wconf 90' lang='lat' dir='ltr'><strong>capud</strong></span> <span class='ocrx_word' id='word_1_561' title='bbox 2133 2458 2214 2498; x_wconf 87' lang='lat' dir='ltr'><strong>eius</strong></span> 
     </span>
    </p>

    <p class='ocr_par' dir='ltr' id='par_1_41' title="bbox 1845 2519 2231 2947">
     <span class='ocr_line' id='line_1_165' title="bbox 1846 2519 2191 2560; baseline 0.012 -4"><span class='ocrx_word' id='word_1_562' title='bbox 1846 2519 1887 2556; x_wconf 91' lang='lat' dir='ltr'><strong>in</strong></span> <span class='ocrx_word' id='word_1_563' title='bbox 1906 2519 2009 2559; x_wconf 72' lang='lat' dir='ltr'><strong>disco</strong></span> <span class='ocrx_word' id='word_1_564' title='bbox 2029 2531 2066 2559; x_wconf 93' lang='lat' dir='ltr'><strong>et</strong></span> <span class='ocrx_word' id='word_1_565' title='bbox 2086 2521 2191 2560; x_wconf 91' lang='lat' dir='ltr'><strong>dedit</strong></span> 
     </span>
     <span class='ocr_line' id='line_1_166' title="bbox 1845 2581 2195 2633; baseline 0.011 -14"><span class='ocrx_word' id='word_1_566' title='bbox 1845 2581 1994 2632; x_wconf 92' lang='lat' dir='ltr'><strong>puellae</strong></span> <span class='ocrx_word' id='word_1_567' title='bbox 2010 2603 2019 2612; x_wconf 94' lang='lat'><strong>·</strong></span> <span class='ocrx_word' id='word_1_568' title='bbox 2067 2583 2195 2633; x_wconf 88' lang='lat' dir='ltr'><strong>puella</strong></span> 
     </span>
     <span class='ocr_line' id='line_1_167' title="bbox 1846 2644 2183 2684; baseline 0.006 -2"><span class='ocrx_word' id='word_1_569' title='bbox 1846 2650 1975 2682; x_wconf 88' lang='lat' dir='ltr'><strong>autem</strong></span> <span class='ocrx_word' id='word_1_570' title='bbox 1995 2644 2098 2684; x_wconf 93' lang='lat' dir='ltr'><strong>dedit</strong></span> <span class='ocrx_word' id='word_1_571' title='bbox 2117 2645 2183 2684; x_wconf 71' lang='lat' dir='ltr'><strong>illst</strong></span> 
     </span>
     <span class='ocr_line' id='line_1_168' title="bbox 1846 2706 2120 2746; baseline 0.015 -3"><span class='ocrx_word' id='word_1_572' title='bbox 1846 2706 1957 2744; x_wconf 87' lang='lat' dir='ltr'><strong>matri</strong></span> <span class='ocrx_word' id='word_1_573' title='bbox 1976 2719 2067 2746; x_wconf 91' lang='lat' dir='ltr'><strong>suae</strong></span> <span class='ocrx_word' id='word_1_574' title='bbox 2084 2729 2092 2738; x_wconf 93' lang='lat'><strong>·</strong></span> <span class='ocrx_word' id='word_1_575' title='bbox 2111 2729 2120 2738; x_wconf 94' lang='lat'><strong>·</strong></span> 
     </span>
     <span class='ocr_line' id='line_1_169' title="bbox 1846 2768 2174 2821; baseline 0.006 -14"><span class='ocrx_word' id='word_1_576' title='bbox 1846 2768 1976 2808; x_wconf 91' lang='lat' dir='ltr'><strong>audito</strong></span> <span class='ocrx_word' id='word_1_577' title='bbox 1996 2769 2174 2821; x_wconf 91' lang='lat' dir='ltr'><strong>discipuli</strong></span> 
     </span>
     <span class='ocr_line' id='line_1_170' title="bbox 1845 2831 2134 2872; baseline 0.01 -3"><span class='ocrx_word' id='word_1_578' title='bbox 1845 2831 1926 2870; x_wconf 90' lang='lat' dir='ltr'><strong>eius</strong></span> <span class='ocrx_word' id='word_1_579' title='bbox 1945 2839 2134 2872; x_wconf 89' lang='lat' dir='ltr'><strong>uenerunt</strong></span> 
     </span>
     <span class='ocr_line' id='line_1_171' title="bbox 1846 2893 2231 2947; baseline 0.005 -15"><span class='ocrx_word' id='word_1_580' title='bbox 1846 2899 1884 2932; x_wconf 92' lang='lat' dir='ltr'><strong>et</strong></span> <span class='ocrx_word' id='word_1_581' title='bbox 1903 2893 2070 2934; x_wconf 89' lang='lat' dir='ltr'><strong>tulerunt</strong></span> <span class='ocrx_word' id='word_1_582' title='bbox 2088 2907 2231 2947; x_wconf 90' lang='lat' dir='ltr'><strong>corpus</strong></span> 
     </span>
    </p>
   </div>
   <div class='ocr_carea' id='block_1_16' title="bbox 2177 2709 2299 2760">
    <p class='ocr_par' dir='ltr' id='par_1_42' title="bbox 2177 2709 2299 2760">
     <span class='ocr_line' id='line_1_172' title="bbox 2177 2709 2299 2760; baseline 0.016 -12"><span class='ocrx_word' id='word_1_583' title='bbox 2177 2709 2207 2731; x_wconf 78' lang='lat'><strong>²⁹</strong></span> <span class='ocrx_word' id='word_1_584' title='bbox 2218 2720 2299 2760; x_wconf 91' lang='lat' dir='ltr'><strong>quo</strong></span> 
     </span>
    </p>
   </div>
   <div class='ocr_carea' id='block_1_17' title="bbox 2340 312 2520 346">
    <p class='ocr_par' dir='ltr' id='par_1_43' title="bbox 2340 312 2520 346">
     <span class='ocr_line' id='line_1_173' title="bbox 2340 312 2520 346; baseline 0.017 -3"><span class='ocrx_word' id='word_1_585' title='bbox 2340 312 2422 344; x_wconf 68' lang='lat' dir='ltr'><strong>Eoi.</strong></span> <span class='ocrx_word' id='word_1_586' title='bbox 2437 313 2520 346; x_wconf 83' lang='lat'><strong>169.</strong></span> 
     </span>
    </p>
   </div>
  </div>
 </body>
</html>
