<?xml version="1.0" encoding="UTF-8"?>
<!DOCTYPE html PUBLIC "-//W3C//DTD XHTML 1.0 Transitional//EN"
    "http://www.w3.org/TR/xhtml1/DTD/xhtml1-transitional.dtd">
<html xmlns="http://www.w3.org/1999/xhtml" xml:lang="en" lang="en">
 <head>
  <title>
</title>
<meta http-equiv="Content-Type" content="text/html;charset=utf-8" />
  <meta name='ocr-system' content='tesseract 3.04.00' />
  <meta name='ocr-capabilities' content='ocr_page ocr_carea ocr_par ocr_line ocrx_word'/>
</head>
<body>
  <div class='ocr_page' id='page_1' title='image "./fourgospelsfromm00whit_0136.png"; bbox 0 0 2872 3268; ppageno 0'>
   <div class='ocr_carea' id='block_1_1' title="bbox 549 211 602 267">
    <p class='ocr_par' dir='ltr' id='par_1_1' title="bbox 549 211 602 267">
     <span class='ocr_line' id='line_1_1' title="bbox 549 211 602 267; baseline 0 -13"><span class='ocrx_word' id='word_1_1' title='bbox 549 211 602 267; x_wconf 93' lang='lat'>78</span> 
     </span>
    </p>
   </div>
   <div class='ocr_carea' id='block_1_2' title="bbox 368 441 1029 809">
    <p class='ocr_par' dir='ltr' id='par_1_2' title="bbox 368 441 1029 809">
     <span class='ocr_line' id='line_1_2' title="bbox 368 441 1014 496; baseline -0.009 -11"><span class='ocrx_word' id='word_1_2' title='bbox 368 453 451 486; x_wconf 76' lang='lat'>13’01.</span> <span class='ocrx_word' id='word_1_3' title='bbox 467 454 528 487; x_wconf 82' lang='lat'>93.</span> <span class='ocrx_word' id='word_1_4' title='bbox 545 443 612 496; x_wconf 91' lang='lat' dir='ltr'>qui</span> <span class='ocrx_word' id='word_1_5' title='bbox 631 443 688 482; x_wconf 73' lang='lat' dir='ltr'>fs·</span> <span class='ocrx_word' id='word_1_6' title='bbox 718 455 838 482; x_wconf 88' lang='lat' dir='ltr'>naum</span> <span class='ocrx_word' id='word_1_7' title='bbox 854 462 863 473; x_wconf 88' lang='lat'><strong>·</strong></span> <span class='ocrx_word' id='word_1_8' title='bbox 898 441 964 493; x_wconf 91' lang='lat' dir='ltr'>qui</span> <span class='ocrx_word' id='word_1_9' title='bbox 985 441 1014 479; x_wconf 82' lang='lat' dir='ltr'>fs</span> 
     </span>
     <span class='ocr_line' id='line_1_3' title="bbox 545 506 1001 558; baseline -0.009 -12"><span class='ocrx_word' id='word_1_10' title='bbox 545 507 636 546; x_wconf 89' lang='lat' dir='ltr'>esli·</span> <span class='ocrx_word' id='word_1_11' title='bbox 685 507 752 558; x_wconf 93' lang='lat' dir='ltr'>qui</span> <span class='ocrx_word' id='word_1_12' title='bbox 773 506 803 544; x_wconf 82' lang='lat' dir='ltr'>fs</span> <span class='ocrx_word' id='word_1_13' title='bbox 825 517 978 555; x_wconf 87' lang='lat' dir='ltr'>naggae</span> <span class='ocrx_word' id='word_1_14' title='bbox 992 524 1001 533; x_wconf 90' lang='lat'><strong>·</strong></span> 
     </span>
     <span class='ocr_line' id='line_1_4' title="bbox 545 566 1011 621; baseline -0.011 -13"><span class='ocrx_word' id='word_1_15' title='bbox 545 569 647 621; x_wconf 80' lang='lat' dir='ltr'>²⁶qui</span> <span class='ocrx_word' id='word_1_16' title='bbox 660 570 730 608; x_wconf 89' lang='lat' dir='ltr'>suit</span> <span class='ocrx_word' id='word_1_17' title='bbox 741 568 889 607; x_wconf 91' lang='lat' dir='ltr'>maath·</span> <span class='ocrx_word' id='word_1_18' title='bbox 906 567 971 617; x_wconf 90' lang='lat' dir='ltr'>qui</span> <span class='ocrx_word' id='word_1_19' title='bbox 984 566 1011 604; x_wconf 82' lang='lat' dir='ltr'>fs</span> 
     </span>
     <span class='ocr_line' id='line_1_5' title="bbox 544 629 955 681; baseline -0.015 -10"><span class='ocrx_word' id='word_1_20' title='bbox 544 632 769 671; x_wconf 87' lang='lat' dir='ltr'><strong>mattathiae</strong></span> <span class='ocrx_word' id='word_1_21' title='bbox 785 652 794 661; x_wconf 92' lang='lat'><strong>·</strong></span> <span class='ocrx_word' id='word_1_22' title='bbox 837 630 904 681; x_wconf 91' lang='lat' dir='ltr'>qui</span> <span class='ocrx_word' id='word_1_23' title='bbox 924 629 955 666; x_wconf 78' lang='lat' dir='ltr'>fs</span> 
     </span>
     <span class='ocr_line' id='line_1_6' title="bbox 545 691 1013 745; baseline -0.017 -10"><span class='ocrx_word' id='word_1_24' title='bbox 545 696 665 735; x_wconf 89' lang='lat' dir='ltr'>semei</span> <span class='ocrx_word' id='word_1_25' title='bbox 682 716 691 725; x_wconf 93' lang='lat'><strong>·</strong></span> <span class='ocrx_word' id='word_1_26' title='bbox 725 694 791 745; x_wconf 91' lang='lat' dir='ltr'>qui</span> <span class='ocrx_word' id='word_1_27' title='bbox 806 693 836 730; x_wconf 81' lang='lat' dir='ltr'>fs</span> <span class='ocrx_word' id='word_1_28' title='bbox 853 691 1013 741; x_wconf 89' lang='lat' dir='ltr'>ioseph·</span> 
     </span>
     <span class='ocr_line' id='line_1_7' title="bbox 545 754 1029 809; baseline -0.012 -13"><span class='ocrx_word' id='word_1_29' title='bbox 545 758 611 809; x_wconf 93' lang='lat' dir='ltr'>qui</span> <span class='ocrx_word' id='word_1_30' title='bbox 620 757 741 795; x_wconf 78' lang='lat' dir='ltr'>fsiuda</span> <span class='ocrx_word' id='word_1_31' title='bbox 749 777 758 786; x_wconf 90' lang='lat'><strong>·</strong></span> <span class='ocrx_word' id='word_1_32' title='bbox 768 754 874 806; x_wconf 85' lang='lat' dir='ltr'>·²⁷qui</span> <span class='ocrx_word' id='word_1_33' title='bbox 882 754 909 791; x_wconf 74' lang='lat' dir='ltr'>fs</span> <span class='ocrx_word' id='word_1_34' title='bbox 922 754 1012 792; x_wconf 92' lang='lat' dir='ltr'>ione</span> <span class='ocrx_word' id='word_1_35' title='bbox 1021 774 1029 783; x_wconf 91' lang='lat'><strong>·</strong></span> 
     </span>
    </p>
   </div>
   <div class='ocr_carea' id='block_1_3' title="bbox 1441 216 1623 258">
    <p class='ocr_par' dir='ltr' id='par_1_3' title="bbox 1441 216 1623 258">
     <span class='ocr_line' id='line_1_8' title="bbox 1441 216 1623 258; baseline -0.005 -1"><span class='ocrx_word' id='word_1_36' title='bbox 1441 216 1520 257; x_wconf 87' lang='lat' dir='ltr'>SE</span> <span class='ocrx_word' id='word_1_37' title='bbox 1520 217 1600 258; x_wconf 89' lang='lat' dir='ltr'>CD</span> <span class='ocrx_word' id='word_1_38' title='bbox 1613 237 1623 248; x_wconf 90' lang='lat'><strong>·</strong></span> 
     </span>
    </p>
   </div>
   <div class='ocr_carea' id='block_1_4' title="bbox 1054 326 1436 413">
    <p class='ocr_par' dir='ltr' id='par_1_4' title="bbox 1054 326 1436 413">
     <span class='ocr_line' id='line_1_9' title="bbox 1054 326 1436 371; baseline 0.005 -12"><span class='ocrx_word' id='word_1_39' title='bbox 1054 327 1079 367; x_wconf 86' lang='lat'>†</span> <span class='ocrx_word' id='word_1_40' title='bbox 1102 327 1274 359; x_wconf 87' lang='lat' dir='ltr'>domineca</span> <span class='ocrx_word' id='word_1_41' title='bbox 1290 326 1323 359; x_wconf 88' lang='lat' dir='ltr'>in</span> <span class='ocrx_word' id='word_1_42' title='bbox 1335 332 1436 371; x_wconf 87' lang='lat' dir='ltr'>caput</span> 
     </span>
     <span class='ocr_line' id='line_1_10' title="bbox 1096 371 1354 413; baseline 0.004 -10"><span class='ocrx_word' id='word_1_43' title='bbox 1096 371 1354 413; x_wconf 81' lang='lat' dir='ltr'>quadrageseme</span> 
     </span>
    </p>
   </div>
   <div class='ocr_carea' id='block_1_5' title="bbox 1049 437 1548 803">
    <p class='ocr_par' dir='ltr' id='par_1_5' title="bbox 1049 437 1548 803">
     <span class='ocr_line' id='line_1_11' title="bbox 1052 437 1480 489; baseline 0.009 -14"><span class='ocrx_word' id='word_1_44' title='bbox 1052 437 1155 489; x_wconf 80' lang='lat' dir='ltr'>8⁷qui</span> <span class='ocrx_word' id='word_1_45' title='bbox 1176 438 1245 477; x_wconf 89' lang='lat' dir='ltr'>suit</span> <span class='ocrx_word' id='word_1_46' title='bbox 1265 440 1480 479; x_wconf 84' lang='lat' dir='ltr'>matusalae</span> 
     </span>
     <span class='ocr_line' id='line_1_12' title="bbox 1051 501 1454 552; baseline 0.007 -14"><span class='ocrx_word' id='word_1_47' title='bbox 1051 502 1117 550; x_wconf 89' lang='lat' dir='ltr'>qui</span> <span class='ocrx_word' id='word_1_48' title='bbox 1133 501 1164 538; x_wconf 75' lang='lat' dir='ltr'>fs</span> <span class='ocrx_word' id='word_1_49' title='bbox 1185 513 1306 539; x_wconf 88' lang='lat' dir='ltr'>enoc·</span> <span class='ocrx_word' id='word_1_50' title='bbox 1337 502 1404 552; x_wconf 93' lang='lat' dir='ltr'>qui</span> <span class='ocrx_word' id='word_1_51' title='bbox 1424 503 1454 541; x_wconf 81' lang='lat' dir='ltr'>fs</span> 
     </span>
     <span class='ocr_line' id='line_1_13' title="bbox 1051 564 1451 614; baseline 0.008 -13"><span class='ocrx_word' id='word_1_52' title='bbox 1051 564 1145 601; x_wconf 90' lang='lat' dir='ltr'>iaret</span> <span class='ocrx_word' id='word_1_53' title='bbox 1161 584 1170 593; x_wconf 91' lang='lat'><strong>·</strong></span> <span class='ocrx_word' id='word_1_54' title='bbox 1211 564 1278 614; x_wconf 92' lang='lat' dir='ltr'>qui</span> <span class='ocrx_word' id='word_1_55' title='bbox 1299 564 1327 602; x_wconf 90' lang='lat' dir='ltr'>fs</span> <span class='ocrx_word' id='word_1_56' title='bbox 1349 566 1451 604; x_wconf 88' lang='lat' dir='ltr'>male</span> 
     </span>
     <span class='ocr_line' id='line_1_14' title="bbox 1050 625 1503 677; baseline 0.011 -13"><span class='ocrx_word' id='word_1_57' title='bbox 1050 625 1159 664; x_wconf 92' lang='lat' dir='ltr'>lehec</span> <span class='ocrx_word' id='word_1_58' title='bbox 1173 646 1181 656; x_wconf 93' lang='lat'><strong>·</strong></span> <span class='ocrx_word' id='word_1_59' title='bbox 1226 627 1292 677; x_wconf 88' lang='lat' dir='ltr'>qui</span> <span class='ocrx_word' id='word_1_60' title='bbox 1312 627 1341 665; x_wconf 81' lang='lat' dir='ltr'>fs</span> <span class='ocrx_word' id='word_1_61' title='bbox 1364 629 1503 668; x_wconf 89' lang='lat' dir='ltr'>cainan</span> 
     </span>
     <span class='ocr_line' id='line_1_15' title="bbox 1049 687 1519 741; baseline 0.011 -15"><span class='ocrx_word' id='word_1_62' title='bbox 1049 688 1145 738; x_wconf 82' lang='lat' dir='ltr'>⁸⁸qui</span> <span class='ocrx_word' id='word_1_63' title='bbox 1154 687 1181 726; x_wconf 77' lang='lat' dir='ltr'>ss</span> <span class='ocrx_word' id='word_1_64' title='bbox 1192 701 1305 727; x_wconf 91' lang='lat' dir='ltr'>enos·</span> <span class='ocrx_word' id='word_1_65' title='bbox 1323 691 1390 741; x_wconf 92' lang='lat' dir='ltr'>qui</span> <span class='ocrx_word' id='word_1_66' title='bbox 1402 691 1430 729; x_wconf 79' lang='lat' dir='ltr'>fs</span> <span class='ocrx_word' id='word_1_67' title='bbox 1445 698 1519 731; x_wconf 86' lang='lat' dir='ltr'>set·</span> 
     </span>
     <span class='ocr_line' id='line_1_16' title="bbox 1050 751 1548 803; baseline 0 -15"><span class='ocrx_word' id='word_1_68' title='bbox 1050 751 1154 801; x_wconf 82' lang='lat' dir='ltr'>quifs</span> <span class='ocrx_word' id='word_1_69' title='bbox 1164 751 1298 790; x_wconf 88' lang='lat' dir='ltr'>adam·</span> <span class='ocrx_word' id='word_1_70' title='bbox 1319 754 1386 803; x_wconf 91' lang='lat' dir='ltr'>qui</span> <span class='ocrx_word' id='word_1_71' title='bbox 1398 753 1426 792; x_wconf 82' lang='lat' dir='ltr'>fs</span> <span class='ocrx_word' id='word_1_72' title='bbox 1437 754 1548 793; x_wconf 39' lang='lat' dir='ltr'>dia»</span> 
     </span>
    </p>
   </div>
   <div class='ocr_carea' id='block_1_6' title="bbox 544 814 1521 872">
    <p class='ocr_par' dir='ltr' id='par_1_6' title="bbox 544 814 1521 872">
     <span class='ocr_line' id='line_1_17' title="bbox 544 814 1521 872; baseline -0.002 -14"><span class='ocrx_word' id='word_1_73' title='bbox 544 821 611 872; x_wconf 92' lang='lat' dir='ltr'>qui</span> <span class='ocrx_word' id='word_1_74' title='bbox 631 820 660 858; x_wconf 77' lang='lat' dir='ltr'>fs</span> <span class='ocrx_word' id='word_1_75' title='bbox 681 831 789 857; x_wconf 87' lang='lat' dir='ltr'>resae</span> <span class='ocrx_word' id='word_1_76' title='bbox 803 839 811 848; x_wconf 93' lang='lat'><em>-</em></span> <span class='ocrx_word' id='word_1_77' title='bbox 852 817 919 868; x_wconf 93' lang='lat' dir='ltr'>qui</span> <span class='ocrx_word' id='word_1_78' title='bbox 939 816 968 854; x_wconf 81' lang='lat' dir='ltr'>fs</span> <span class='ocrx_word' id='word_1_79' title='bbox 1013 814 1032 836; x_wconf 89' lang='lat'><strong>*</strong></span> <span class='ocrx_word' id='word_1_80' title='bbox 1046 819 1087 853; x_wconf 86' lang='lat'>4.</span> <span class='ocrx_word' id='word_1_81' title='bbox 1107 814 1121 835; x_wconf 87' lang='lat'>¹</span> <span class='ocrx_word' id='word_1_82' title='bbox 1134 814 1208 853; x_wconf 84' lang='lat' dir='ltr'>His</span> <span class='ocrx_word' id='word_1_83' title='bbox 1228 822 1358 854; x_wconf 90' lang='lat' dir='ltr'>autem</span> <span class='ocrx_word' id='word_1_84' title='bbox 1382 817 1521 867; x_wconf 92' lang='lat' dir='ltr'>plenus</span> 
     </span>
    </p>
   </div>
   <div class='ocr_carea' id='block_1_7' title="bbox 545 879 936 931">
    <p class='ocr_par' dir='ltr' id='par_1_7' title="bbox 545 879 936 931">
     <span class='ocr_line' id='line_1_18' title="bbox 545 879 936 931; baseline -0.013 -9"><span class='ocrx_word' id='word_1_85' title='bbox 545 881 754 922; x_wconf 90' lang='lat' dir='ltr'>zorobabel</span> <span class='ocrx_word' id='word_1_86' title='bbox 770 902 778 911; x_wconf 94' lang='lat'><strong>·</strong></span> <span class='ocrx_word' id='word_1_87' title='bbox 820 880 887 931; x_wconf 89' lang='lat' dir='ltr'>qui</span> <span class='ocrx_word' id='word_1_88' title='bbox 906 879 936 918; x_wconf 77' lang='lat' dir='ltr'>fs</span> 
     </span>
    </p>
   </div>
   <div class='ocr_carea' id='block_1_8' title="bbox 1012 877 1460 928">
    <p class='ocr_par' dir='ltr' id='par_1_8' title="bbox 1012 877 1460 928">
     <span class='ocr_line' id='line_1_19' title="bbox 1012 877 1460 928; baseline 0.007 -11"><span class='ocrx_word' id='word_1_89' title='bbox 1012 877 1032 900; x_wconf 93' lang='lat'><strong><em>*</em></strong></span> <span class='ocrx_word' id='word_1_90' title='bbox 1048 881 1123 928; x_wconf 69' lang='lat' dir='ltr'>spu</span> <span class='ocrx_word' id='word_1_91' title='bbox 1143 882 1212 916; x_wconf 68' lang='lat' dir='ltr'>sco</span> <span class='ocrx_word' id='word_1_92' title='bbox 1229 899 1238 908; x_wconf 92' lang='lat'><strong>·</strong></span> <span class='ocrx_word' id='word_1_93' title='bbox 1281 891 1460 920; x_wconf 90' lang='lat' dir='ltr'>reuersus</span> 
     </span>
    </p>
   </div>
   <div class='ocr_carea' id='block_1_9' title="bbox 545 941 1469 995">
    <p class='ocr_par' dir='ltr' id='par_1_9' title="bbox 545 941 1469 995">
     <span class='ocr_line' id='line_1_20' title="bbox 545 941 1469 995; baseline -0.002 -11"><span class='ocrx_word' id='word_1_94' title='bbox 545 945 718 984; x_wconf 85' lang='lat' dir='ltr'>salathiel</span> <span class='ocrx_word' id='word_1_95' title='bbox 732 965 740 974; x_wconf 95' lang='lat'><strong>·</strong></span> <span class='ocrx_word' id='word_1_96' title='bbox 761 944 828 995; x_wconf 92' lang='lat' dir='ltr'>qui</span> <span class='ocrx_word' id='word_1_97' title='bbox 849 943 878 980; x_wconf 84' lang='lat' dir='ltr'>fs</span> <span class='ocrx_word' id='word_1_98' title='bbox 896 942 1001 980; x_wconf 90' lang='lat' dir='ltr'>neri·</span> <span class='ocrx_word' id='word_1_99' title='bbox 1016 941 1035 963; x_wconf 94' lang='lat'><em>*</em></span> <span class='ocrx_word' id='word_1_100' title='bbox 1049 947 1108 980; x_wconf 89' lang='lat' dir='ltr'>est</span> <span class='ocrx_word' id='word_1_101' title='bbox 1128 941 1179 979; x_wconf 91' lang='lat' dir='ltr'>ab</span> <span class='ocrx_word' id='word_1_102' title='bbox 1199 941 1359 980; x_wconf 89' lang='lat' dir='ltr'>iordane</span> <span class='ocrx_word' id='word_1_103' title='bbox 1376 964 1385 973; x_wconf 94' lang='lat'><strong>·</strong></span> <span class='ocrx_word' id='word_1_104' title='bbox 1430 950 1469 982; x_wconf 92' lang='lat' dir='ltr'>et</span> 
     </span>
    </p>
   </div>
   <div class='ocr_carea' id='block_1_10' title="bbox 537 1005 1013 1688">
    <p class='ocr_par' dir='ltr' id='par_1_10' title="bbox 543 1005 1013 1185">
     <span class='ocr_line' id='line_1_21' title="bbox 543 1005 1013 1060; baseline -0.009 -13"><span class='ocrx_word' id='word_1_105' title='bbox 543 1007 572 1030; x_wconf 74' lang='lat'>²⁸</span> <span class='ocrx_word' id='word_1_106' title='bbox 585 1009 651 1060; x_wconf 92' lang='lat' dir='ltr'>qui</span> <span class='ocrx_word' id='word_1_107' title='bbox 666 1007 696 1046; x_wconf 82' lang='lat' dir='ltr'>fs</span> <span class='ocrx_word' id='word_1_108' title='bbox 713 1006 855 1045; x_wconf 90' lang='lat' dir='ltr'>melchi</span> <span class='ocrx_word' id='word_1_109' title='bbox 867 1027 876 1036; x_wconf 92' lang='lat'><strong>·</strong></span> <span class='ocrx_word' id='word_1_110' title='bbox 901 1006 967 1056; x_wconf 91' lang='lat' dir='ltr'>qui</span> <span class='ocrx_word' id='word_1_111' title='bbox 983 1005 1013 1044; x_wconf 87' lang='lat' dir='ltr'>fs</span> 
     </span>
     <span class='ocr_line' id='line_1_22' title="bbox 543 1069 976 1121; baseline -0.009 -11"><span class='ocrx_word' id='word_1_112' title='bbox 543 1072 655 1110; x_wconf 91' lang='lat' dir='ltr'>addi·</span> <span class='ocrx_word' id='word_1_113' title='bbox 697 1070 763 1121; x_wconf 94' lang='lat' dir='ltr'>qui</span> <span class='ocrx_word' id='word_1_114' title='bbox 783 1069 811 1107; x_wconf 76' lang='lat' dir='ltr'>fx</span> <span class='ocrx_word' id='word_1_115' title='bbox 836 1080 953 1108; x_wconf 89' lang='lat' dir='ltr'>cosae</span> <span class='ocrx_word' id='word_1_116' title='bbox 967 1089 976 1099; x_wconf 93' lang='lat'><strong>·</strong></span> 
     </span>
     <span class='ocr_line' id='line_1_23' title="bbox 543 1132 901 1185; baseline -0.008 -13"><span class='ocrx_word' id='word_1_117' title='bbox 543 1135 610 1185; x_wconf 91' lang='lat' dir='ltr'>qui</span> <span class='ocrx_word' id='word_1_118' title='bbox 629 1133 658 1172; x_wconf 75' lang='lat' dir='ltr'>fs</span> <span class='ocrx_word' id='word_1_119' title='bbox 681 1132 878 1172; x_wconf 84' lang='lat' dir='ltr'>elmodam</span> <span class='ocrx_word' id='word_1_120' title='bbox 892 1152 901 1161; x_wconf 93' lang='lat'><strong>·</strong></span> 
     </span>
    </p>

    <p class='ocr_par' dir='ltr' id='par_1_11' title="bbox 537 1193 1013 1688">
     <span class='ocr_line' id='line_1_24' title="bbox 543 1193 1013 1248; baseline -0.006 -13"><span class='ocrx_word' id='word_1_121' title='bbox 543 1198 611 1248; x_wconf 92' lang='lat' dir='ltr'>qui</span> <span class='ocrx_word' id='word_1_122' title='bbox 626 1196 654 1234; x_wconf 81' lang='lat' dir='ltr'>fs</span> <span class='ocrx_word' id='word_1_123' title='bbox 671 1209 712 1235; x_wconf 88' lang='lat' dir='ltr'>er</span> <span class='ocrx_word' id='word_1_124' title='bbox 725 1217 752 1226; x_wconf 85' lang='lat'>··</span> <span class='ocrx_word' id='word_1_125' title='bbox 773 1193 871 1246; x_wconf 81' lang='lat' dir='ltr'>²⁹qui</span> <span class='ocrx_word' id='word_1_126' title='bbox 884 1194 914 1232; x_wconf 80' lang='lat' dir='ltr'>fs</span> <span class='ocrx_word' id='word_1_127' title='bbox 929 1195 1013 1233; x_wconf 90' lang='lat' dir='ltr'>iose</span> 
     </span>
     <span class='ocr_line' id='line_1_25' title="bbox 540 1257 1009 1312; baseline -0.009 -13"><span class='ocrx_word' id='word_1_128' title='bbox 540 1261 607 1312; x_wconf 92' lang='lat' dir='ltr'>qui</span> <span class='ocrx_word' id='word_1_129' title='bbox 627 1259 656 1298; x_wconf 85' lang='lat' dir='ltr'>fs</span> <span class='ocrx_word' id='word_1_130' title='bbox 677 1259 815 1298; x_wconf 89' lang='lat' dir='ltr'>eliezer</span> <span class='ocrx_word' id='word_1_131' title='bbox 835 1279 844 1288; x_wconf 90' lang='lat'><strong>·</strong></span> <span class='ocrx_word' id='word_1_132' title='bbox 893 1258 960 1309; x_wconf 91' lang='lat' dir='ltr'>qui</span> <span class='ocrx_word' id='word_1_133' title='bbox 977 1257 1009 1296; x_wconf 81' lang='lat' dir='ltr'>fs</span> 
     </span>
     <span class='ocr_line' id='line_1_26' title="bbox 542 1320 885 1372; baseline -0.012 -11"><span class='ocrx_word' id='word_1_134' title='bbox 542 1323 656 1362; x_wconf 89' lang='lat' dir='ltr'>iorim</span> <span class='ocrx_word' id='word_1_135' title='bbox 673 1343 682 1352; x_wconf 91' lang='lat'><strong>·</strong></span> <span class='ocrx_word' id='word_1_136' title='bbox 727 1321 794 1372; x_wconf 94' lang='lat' dir='ltr'>qui</span> <span class='ocrx_word' id='word_1_137' title='bbox 814 1320 885 1358; x_wconf 86' lang='lat' dir='ltr'>fuit</span> 
     </span>
     <span class='ocr_line' id='line_1_27' title="bbox 539 1382 903 1434; baseline -0.011 -10"><span class='ocrx_word' id='word_1_138' title='bbox 539 1385 716 1424; x_wconf 86' lang='lat' dir='ltr'>matthan</span> <span class='ocrx_word' id='word_1_139' title='bbox 732 1405 741 1414; x_wconf 92' lang='lat'><strong>·</strong></span> <span class='ocrx_word' id='word_1_140' title='bbox 786 1383 853 1434; x_wconf 90' lang='lat' dir='ltr'>qui</span> <span class='ocrx_word' id='word_1_141' title='bbox 873 1382 903 1420; x_wconf 81' lang='lat' dir='ltr'>fs</span> 
     </span>
     <span class='ocr_line' id='line_1_28' title="bbox 541 1446 1009 1498; baseline -0.006 -12"><span class='ocrx_word' id='word_1_142' title='bbox 541 1447 636 1486; x_wconf 91' lang='lat' dir='ltr'>leui·</span> <span class='ocrx_word' id='word_1_143' title='bbox 657 1447 759 1498; x_wconf 77' lang='lat' dir='ltr'>³⁰qui</span> <span class='ocrx_word' id='word_1_144' title='bbox 775 1446 803 1484; x_wconf 76' lang='lat' dir='ltr'>fs</span> <span class='ocrx_word' id='word_1_145' title='bbox 821 1457 985 1496; x_wconf 89' lang='lat' dir='ltr'>symeon</span> <span class='ocrx_word' id='word_1_146' title='bbox 999 1466 1009 1475; x_wconf 92' lang='lat'><strong>·</strong></span> 
     </span>
     <span class='ocr_line' id='line_1_29' title="bbox 539 1507 971 1562; baseline -0.009 -13"><span class='ocrx_word' id='word_1_147' title='bbox 539 1511 607 1562; x_wconf 90' lang='lat' dir='ltr'>qui</span> <span class='ocrx_word' id='word_1_148' title='bbox 626 1510 656 1549; x_wconf 81' lang='lat' dir='ltr'>fs</span> <span class='ocrx_word' id='word_1_149' title='bbox 677 1509 790 1548; x_wconf 90' lang='lat' dir='ltr'>iudae</span> <span class='ocrx_word' id='word_1_150' title='bbox 805 1529 813 1539; x_wconf 90' lang='lat'><strong>·</strong></span> <span class='ocrx_word' id='word_1_151' title='bbox 853 1508 920 1558; x_wconf 94' lang='lat' dir='ltr'>qui</span> <span class='ocrx_word' id='word_1_152' title='bbox 939 1507 971 1546; x_wconf 79' lang='lat' dir='ltr'>fs</span> 
     </span>
     <span class='ocr_line' id='line_1_30' title="bbox 538 1571 1007 1624; baseline -0.009 -12"><span class='ocrx_word' id='word_1_153' title='bbox 538 1573 676 1624; x_wconf 91' lang='lat' dir='ltr'>ioseph</span> <span class='ocrx_word' id='word_1_154' title='bbox 690 1594 699 1603; x_wconf 93' lang='lat'><strong>·</strong></span> <span class='ocrx_word' id='word_1_155' title='bbox 741 1572 807 1623; x_wconf 91' lang='lat' dir='ltr'>qui</span> <span class='ocrx_word' id='word_1_156' title='bbox 823 1571 852 1609; x_wconf 80' lang='lat' dir='ltr'>fs</span> <span class='ocrx_word' id='word_1_157' title='bbox 870 1572 985 1609; x_wconf 87' lang='lat' dir='ltr'>ionae</span> <span class='ocrx_word' id='word_1_158' title='bbox 999 1592 1007 1601; x_wconf 92' lang='lat'>-</span> 
     </span>
     <span class='ocr_line' id='line_1_31' title="bbox 537 1634 853 1688; baseline -0.009 -13"><span class='ocrx_word' id='word_1_159' title='bbox 537 1637 604 1688; x_wconf 93' lang='lat' dir='ltr'>qui</span> <span class='ocrx_word' id='word_1_160' title='bbox 624 1636 654 1674; x_wconf 84' lang='lat' dir='ltr'>fs</span> <span class='ocrx_word' id='word_1_161' title='bbox 675 1634 828 1674; x_wconf 87' lang='lat' dir='ltr'>eliacim</span> <span class='ocrx_word' id='word_1_162' title='bbox 843 1655 853 1664; x_wconf 90' lang='lat'><strong>·</strong></span> 
     </span>
    </p>
   </div>
   <div class='ocr_carea' id='block_1_11' title="bbox 536 1721 1006 1775">
    <p class='ocr_par' dir='ltr' id='par_1_12' title="bbox 536 1721 1006 1775">
     <span class='ocr_line' id='line_1_32' title="bbox 536 1721 1006 1775; baseline -0.006 -13"><span class='ocrx_word' id='word_1_163' title='bbox 536 1723 565 1745; x_wconf 76' lang='lat'>⁸¹</span> <span class='ocrx_word' id='word_1_164' title='bbox 578 1724 645 1775; x_wconf 90' lang='lat' dir='ltr'>qui</span> <span class='ocrx_word' id='word_1_165' title='bbox 657 1723 686 1762; x_wconf 76' lang='lat' dir='ltr'>fs</span> <span class='ocrx_word' id='word_1_166' title='bbox 704 1722 852 1761; x_wconf 90' lang='lat' dir='ltr'>meleae</span> <span class='ocrx_word' id='word_1_167' title='bbox 866 1742 875 1752; x_wconf 85' lang='lat'><strong>·</strong></span> <span class='ocrx_word' id='word_1_168' title='bbox 897 1722 963 1772; x_wconf 92' lang='lat' dir='ltr'>qui</span> <span class='ocrx_word' id='word_1_169' title='bbox 976 1721 1006 1760; x_wconf 82' lang='lat' dir='ltr'>fs</span> 
     </span>
    </p>
   </div>
   <div class='ocr_carea' id='block_1_12' title="bbox 1043 1005 1520 1684">
    <p class='ocr_par' dir='ltr' id='par_1_13' title="bbox 1047 1005 1520 1232">
     <span class='ocr_line' id='line_1_33' title="bbox 1050 1005 1456 1055; baseline 0.002 -12"><span class='ocrx_word' id='word_1_170' title='bbox 1050 1005 1241 1054; x_wconf 89' lang='lat' dir='ltr'>agebatur</span> <span class='ocrx_word' id='word_1_171' title='bbox 1259 1005 1300 1043; x_wconf 92' lang='lat' dir='ltr'>in</span> <span class='ocrx_word' id='word_1_172' title='bbox 1321 1009 1395 1055; x_wconf 70' lang='lat' dir='ltr'>spu</span> <span class='ocrx_word' id='word_1_173' title='bbox 1416 1007 1456 1044; x_wconf 92' lang='lat' dir='ltr'>in</span> 
     </span>
     <span class='ocr_line' id='line_1_34' title="bbox 1049 1066 1520 1121; baseline 0.004 -16"><span class='ocrx_word' id='word_1_174' title='bbox 1049 1067 1203 1106; x_wconf 91' lang='lat' dir='ltr'>deserto</span> <span class='ocrx_word' id='word_1_175' title='bbox 1220 1088 1229 1097; x_wconf 93' lang='lat'><strong>·</strong></span> <span class='ocrx_word' id='word_1_176' title='bbox 1263 1066 1422 1108; x_wconf 85' lang='lat' dir='ltr'>²diebus</span> <span class='ocrx_word' id='word_1_177' title='bbox 1442 1081 1520 1121; x_wconf 89' lang='lat' dir='ltr'>qua</span> 
     </span>
     <span class='ocr_line' id='line_1_35' title="bbox 1048 1129 1395 1181; baseline 0.006 -14"><span class='ocrx_word' id='word_1_178' title='bbox 1048 1129 1226 1180; x_wconf 85' lang='lat' dir='ltr'>draginta</span> <span class='ocrx_word' id='word_1_179' title='bbox 1246 1136 1395 1181; x_wconf 89' lang='lat' dir='ltr'>tempta</span> 
     </span>
     <span class='ocr_line' id='line_1_36' title="bbox 1047 1193 1403 1232; baseline 0.006 -2"><span class='ocrx_word' id='word_1_180' title='bbox 1047 1193 1159 1231; x_wconf 88' lang='lat' dir='ltr'>batur</span> <span class='ocrx_word' id='word_1_181' title='bbox 1179 1205 1202 1231; x_wconf 90' lang='lat' dir='ltr'>a</span> <span class='ocrx_word' id='word_1_182' title='bbox 1222 1193 1379 1232; x_wconf 90' lang='lat' dir='ltr'>diabolo</span> <span class='ocrx_word' id='word_1_183' title='bbox 1393 1214 1403 1224; x_wconf 90' lang='lat'><strong>·</strong></span> 
     </span>
    </p>

    <p class='ocr_par' dir='ltr' id='par_1_14' title="bbox 1043 1254 1516 1684">
     <span class='ocr_line' id='line_1_37' title="bbox 1046 1254 1486 1295; baseline 0.007 -3"><span class='ocrx_word' id='word_1_184' title='bbox 1046 1254 1097 1293; x_wconf 91' lang='lat' dir='ltr'>Et</span> <span class='ocrx_word' id='word_1_185' title='bbox 1117 1255 1213 1293; x_wconf 91' lang='lat' dir='ltr'>nihil</span> <span class='ocrx_word' id='word_1_186' title='bbox 1233 1256 1486 1295; x_wconf 91' lang='lat' dir='ltr'>manducauit</span> 
     </span>
     <span class='ocr_line' id='line_1_38' title="bbox 1046 1318 1490 1358; baseline 0.007 -3"><span class='ocrx_word' id='word_1_187' title='bbox 1046 1318 1185 1356; x_wconf 91' lang='lat' dir='ltr'>diebus</span> <span class='ocrx_word' id='word_1_188' title='bbox 1199 1318 1273 1357; x_wconf 88' lang='lat' dir='ltr'>illis</span> <span class='ocrx_word' id='word_1_189' title='bbox 1289 1339 1298 1348; x_wconf 90' lang='lat'><strong>·</strong></span> <span class='ocrx_word' id='word_1_190' title='bbox 1340 1318 1393 1357; x_wconf 93' lang='lat' dir='ltr'>Et</span> <span class='ocrx_word' id='word_1_191' title='bbox 1412 1331 1490 1358; x_wconf 92' lang='lat' dir='ltr'>con</span> 
     </span>
     <span class='ocr_line' id='line_1_39' title="bbox 1045 1381 1436 1432; baseline 0.005 -14"><span class='ocrx_word' id='word_1_192' title='bbox 1045 1381 1249 1419; x_wconf 88' lang='lat' dir='ltr'>summatis</span> <span class='ocrx_word' id='word_1_193' title='bbox 1269 1381 1342 1420; x_wconf 90' lang='lat' dir='ltr'>illis</span> <span class='ocrx_word' id='word_1_194' title='bbox 1362 1393 1436 1432; x_wconf 89' lang='lat' dir='ltr'>pos</span> 
     </span>
     <span class='ocr_line' id='line_1_40' title="bbox 1044 1440 1516 1483; baseline 0 -1"><span class='ocrx_word' id='word_1_195' title='bbox 1044 1450 1107 1482; x_wconf 90' lang='lat' dir='ltr'>tea</span> <span class='ocrx_word' id='word_1_196' title='bbox 1126 1440 1259 1482; x_wconf 83' lang='lat' dir='ltr'>esuriit</span> <span class='ocrx_word' id='word_1_197' title='bbox 1273 1465 1281 1474; x_wconf 90' lang='lat'><em>-</em></span> <span class='ocrx_word' id='word_1_198' title='bbox 1321 1444 1400 1483; x_wconf 66' lang='grc' dir='ltr'>3Ε(</span> <span class='ocrx_word' id='word_1_199' title='bbox 1421 1445 1516 1483; x_wconf 86' lang='lat' dir='ltr'>dixit</span> 
     </span>
     <span class='ocr_line' id='line_1_41' title="bbox 1043 1506 1469 1546; baseline 0.002 -2"><span class='ocrx_word' id='word_1_200' title='bbox 1043 1506 1096 1544; x_wconf 94' lang='lat' dir='ltr'>illi</span> <span class='ocrx_word' id='word_1_201' title='bbox 1117 1506 1295 1545; x_wconf 89' lang='lat' dir='ltr'>diabolus</span> <span class='ocrx_word' id='word_1_202' title='bbox 1316 1507 1348 1546; x_wconf 92' lang='lat' dir='ltr'>si</span> <span class='ocrx_word' id='word_1_203' title='bbox 1369 1507 1469 1545; x_wconf 92' lang='lat' dir='ltr'>filius</span> 
     </span>
     <span class='ocr_line' id='line_1_42' title="bbox 1044 1569 1487 1620; baseline 0.002 -13"><span class='ocrx_word' id='word_1_204' title='bbox 1044 1570 1083 1608; x_wconf 82' lang='lat' dir='ltr'>di</span> <span class='ocrx_word' id='word_1_205' title='bbox 1102 1582 1145 1608; x_wconf 90' lang='lat' dir='ltr'>es</span> <span class='ocrx_word' id='word_1_206' title='bbox 1201 1570 1264 1608; x_wconf 90' lang='lat' dir='ltr'>dic</span> <span class='ocrx_word' id='word_1_207' title='bbox 1284 1569 1414 1620; x_wconf 90' lang='lat' dir='ltr'>lapide</span> <span class='ocrx_word' id='word_1_208' title='bbox 1433 1570 1487 1608; x_wconf 88' lang='lat' dir='ltr'>hu</span> 
     </span>
     <span class='ocr_line' id='line_1_43' title="bbox 1043 1632 1357 1684; baseline 0.003 -14"><span class='ocrx_word' id='word_1_209' title='bbox 1043 1632 1079 1671; x_wconf 92' lang='lat' dir='ltr'>ic</span> <span class='ocrx_word' id='word_1_210' title='bbox 1099 1639 1141 1671; x_wconf 92' lang='lat' dir='ltr'>ut</span> <span class='ocrx_word' id='word_1_211' title='bbox 1160 1633 1226 1671; x_wconf 89' lang='lat' dir='ltr'>fiat</span> <span class='ocrx_word' id='word_1_212' title='bbox 1244 1633 1357 1684; x_wconf 91' lang='lat' dir='ltr'>panis</span> 
     </span>
    </p>
   </div>
   <div class='ocr_carea' id='block_1_13' title="bbox 1043 1719 1515 1770">
    <p class='ocr_par' dir='ltr' id='par_1_15' title="bbox 1043 1719 1515 1770">
     <span class='ocr_line' id='line_1_44' title="bbox 1043 1719 1515 1770; baseline 0.004 -13"><span class='ocrx_word' id='word_1_213' title='bbox 1043 1719 1114 1757; x_wconf 64' lang='lat' dir='ltr'>*Et</span> <span class='ocrx_word' id='word_1_214' title='bbox 1125 1720 1329 1770; x_wconf 87' lang='lat' dir='ltr'>respondit</span> <span class='ocrx_word' id='word_1_215' title='bbox 1342 1720 1392 1759; x_wconf 91' lang='lat' dir='ltr'>ad</span> <span class='ocrx_word' id='word_1_216' title='bbox 1407 1720 1515 1759; x_wconf 90' lang='lat' dir='ltr'>illum</span> 
     </span>
    </p>
   </div>
   <div class='ocr_carea' id='block_1_14' title="bbox 535 1783 1488 1836">
    <p class='ocr_par' dir='ltr' id='par_1_16' title="bbox 535 1783 1488 1836">
     <span class='ocr_line' id='line_1_45' title="bbox 535 1783 1488 1836; baseline -0.004 -10"><span class='ocrx_word' id='word_1_217' title='bbox 535 1799 699 1826; x_wconf 89' lang='lat' dir='ltr'>menan·</span> <span class='ocrx_word' id='word_1_218' title='bbox 716 1786 782 1836; x_wconf 93' lang='lat' dir='ltr'>qui</span> <span class='ocrx_word' id='word_1_219' title='bbox 795 1784 824 1823; x_wconf 80' lang='lat' dir='ltr'>fs</span> <span class='ocrx_word' id='word_1_220' title='bbox 838 1784 1029 1822; x_wconf 80' lang='lat' dir='ltr'>mattatha</span> <span class='ocrx_word' id='word_1_221' title='bbox 1044 1783 1103 1822; x_wconf 82' lang='lat' dir='ltr'>ihs</span> <span class='ocrx_word' id='word_1_222' title='bbox 1123 1788 1162 1821; x_wconf 89' lang='lat' dir='ltr'>et</span> <span class='ocrx_word' id='word_1_223' title='bbox 1181 1783 1277 1822; x_wconf 87' lang='lat' dir='ltr'>dixit</span> <span class='ocrx_word' id='word_1_224' title='bbox 1291 1804 1299 1814; x_wconf 90' lang='lat'><strong>·</strong></span> <span class='ocrx_word' id='word_1_225' title='bbox 1342 1784 1488 1834; x_wconf 73' lang='lat' dir='ltr'>scriptu</span> 
     </span>
    </p>
   </div>
   <div class='ocr_carea' id='block_1_15' title="bbox 537 1846 1516 1962">
    <p class='ocr_par' dir='ltr' id='par_1_17' title="bbox 537 1846 1516 1962">
     <span class='ocr_line' id='line_1_46' title="bbox 537 1846 1515 1902; baseline -0.003 -14"><span class='ocrx_word' id='word_1_226' title='bbox 537 1851 604 1902; x_wconf 94' lang='lat' dir='ltr'>qui</span> <span class='ocrx_word' id='word_1_227' title='bbox 618 1849 645 1888; x_wconf 78' lang='lat' dir='ltr'>fs</span> <span class='ocrx_word' id='word_1_228' title='bbox 664 1856 814 1887; x_wconf 90' lang='lat' dir='ltr'>mattan</span> <span class='ocrx_word' id='word_1_229' title='bbox 830 1869 839 1878; x_wconf 92' lang='lat'><strong>·</strong></span> <span class='ocrx_word' id='word_1_230' title='bbox 878 1848 946 1898; x_wconf 93' lang='lat' dir='ltr'>qui</span> <span class='ocrx_word' id='word_1_231' title='bbox 959 1847 990 1886; x_wconf 72' lang='lat' dir='ltr'>fx</span> <span class='ocrx_word' id='word_1_232' title='bbox 1045 1852 1104 1884; x_wconf 92' lang='lat' dir='ltr'>est</span> <span class='ocrx_word' id='word_1_233' title='bbox 1160 1846 1252 1896; x_wconf 92' lang='lat' dir='ltr'>quia</span> <span class='ocrx_word' id='word_1_234' title='bbox 1263 1858 1344 1884; x_wconf 91' lang='lat' dir='ltr'>non</span> <span class='ocrx_word' id='word_1_235' title='bbox 1358 1847 1398 1884; x_wconf 92' lang='lat' dir='ltr'>in</span> <span class='ocrx_word' id='word_1_236' title='bbox 1413 1859 1515 1897; x_wconf 90' lang='lat' dir='ltr'>pane</span> 
     </span>
     <span class='ocr_line' id='line_1_47' title="bbox 537 1908 1516 1962; baseline -0.005 -9"><span class='ocrx_word' id='word_1_237' title='bbox 537 1914 654 1953; x_wconf 89' lang='lat' dir='ltr'>dauid</span> <span class='ocrx_word' id='word_1_238' title='bbox 671 1934 680 1944; x_wconf 93' lang='lat'><strong>·</strong></span> <span class='ocrx_word' id='word_1_239' title='bbox 719 1910 748 1933; x_wconf 77' lang='lat'>³²</span> <span class='ocrx_word' id='word_1_240' title='bbox 760 1912 826 1962; x_wconf 93' lang='lat' dir='ltr'>qui</span> <span class='ocrx_word' id='word_1_241' title='bbox 843 1910 873 1949; x_wconf 77' lang='lat' dir='ltr'>fs</span> <span class='ocrx_word' id='word_1_242' title='bbox 896 1911 996 1949; x_wconf 89' lang='lat' dir='ltr'>iesse</span> <span class='ocrx_word' id='word_1_243' title='bbox 1045 1908 1130 1947; x_wconf 92' lang='lat' dir='ltr'>solo</span> <span class='ocrx_word' id='word_1_244' title='bbox 1150 1909 1257 1947; x_wconf 90' lang='lat' dir='ltr'>uiuet</span> <span class='ocrx_word' id='word_1_245' title='bbox 1276 1909 1398 1948; x_wconf 92' lang='lat' dir='ltr'>homo</span> <span class='ocrx_word' id='word_1_246' title='bbox 1438 1909 1516 1948; x_wconf 90' lang='lat' dir='ltr'>Sed</span> 
     </span>
    </p>
   </div>
   <div class='ocr_carea' id='block_1_16' title="bbox 535 1971 1436 2029">
    <p class='ocr_par' dir='ltr' id='par_1_18' title="bbox 535 1971 1436 2029">
     <span class='ocr_line' id='line_1_48' title="bbox 535 1971 1436 2029; baseline -0.007 -13"><span class='ocrx_word' id='word_1_247' title='bbox 535 1975 784 2029; x_wconf 72' lang='lat' dir='ltr'>quifsobeth·</span> <span class='ocrx_word' id='word_1_248' title='bbox 799 1974 865 2025; x_wconf 91' lang='lat' dir='ltr'>qui</span> <span class='ocrx_word' id='word_1_249' title='bbox 878 1973 905 2012; x_wconf 81' lang='lat' dir='ltr'>fs</span> <span class='ocrx_word' id='word_1_250' title='bbox 915 1974 1032 2020; x_wconf 92' lang='lat' dir='ltr'>booz,</span> <span class='ocrx_word' id='word_1_251' title='bbox 1045 1971 1085 2009; x_wconf 92' lang='lat' dir='ltr'>in</span> <span class='ocrx_word' id='word_1_252' title='bbox 1105 1972 1215 2010; x_wconf 90' lang='lat' dir='ltr'>omni</span> <span class='ocrx_word' id='word_1_253' title='bbox 1234 1972 1357 2010; x_wconf 92' lang='lat' dir='ltr'>uerbo</span> <span class='ocrx_word' id='word_1_254' title='bbox 1377 1971 1436 2010; x_wconf 83' lang='lat' dir='ltr'>di·</span> 
     </span>
    </p>
   </div>
   <div class='ocr_carea' id='block_1_17' title="bbox 535 2036 1008 2530">
    <p class='ocr_par' dir='ltr' id='par_1_19' title="bbox 535 2036 1008 2530">
     <span class='ocr_line' id='line_1_49' title="bbox 535 2036 984 2091; baseline -0.009 -13"><span class='ocrx_word' id='word_1_255' title='bbox 535 2041 603 2091; x_wconf 92' lang='lat' dir='ltr'>qui</span> <span class='ocrx_word' id='word_1_256' title='bbox 616 2039 646 2078; x_wconf 85' lang='lat' dir='ltr'>fs</span> <span class='ocrx_word' id='word_1_257' title='bbox 665 2038 816 2078; x_wconf 87' lang='lat' dir='ltr'>salmon</span> <span class='ocrx_word' id='word_1_258' title='bbox 830 2058 838 2068; x_wconf 89' lang='lat'><strong>·</strong></span> <span class='ocrx_word' id='word_1_259' title='bbox 869 2037 935 2088; x_wconf 89' lang='lat' dir='ltr'>qui</span> <span class='ocrx_word' id='word_1_260' title='bbox 954 2036 984 2075; x_wconf 81' lang='lat' dir='ltr'>fs</span> 
     </span>
     <span class='ocr_line' id='line_1_50' title="bbox 535 2100 1008 2152; baseline -0.011 -10"><span class='ocrx_word' id='word_1_261' title='bbox 535 2114 702 2142; x_wconf 87' lang='lat' dir='ltr'>nasson·</span> <span class='ocrx_word' id='word_1_262' title='bbox 722 2101 818 2152; x_wconf 79' lang='lat' dir='ltr'>³⁸qui</span> <span class='ocrx_word' id='word_1_263' title='bbox 831 2100 861 2138; x_wconf 82' lang='lat' dir='ltr'>fs</span> <span class='ocrx_word' id='word_1_264' title='bbox 877 2100 1008 2138; x_wconf 89' lang='lat' dir='ltr'>amina</span> 
     </span>
     <span class='ocr_line' id='line_1_51' title="bbox 537 2164 949 2215; baseline -0.015 -10"><span class='ocrx_word' id='word_1_265' title='bbox 537 2166 638 2205; x_wconf 84' lang='lat' dir='ltr'>dab·</span> <span class='ocrx_word' id='word_1_266' title='bbox 679 2164 745 2215; x_wconf 93' lang='lat' dir='ltr'>qui</span> <span class='ocrx_word' id='word_1_267' title='bbox 765 2164 794 2201; x_wconf 80' lang='lat' dir='ltr'>fs</span> <span class='ocrx_word' id='word_1_268' title='bbox 817 2175 924 2201; x_wconf 87' lang='lat' dir='ltr'>aram</span> <span class='ocrx_word' id='word_1_269' title='bbox 940 2183 949 2192; x_wconf 92' lang='lat'><strong>·</strong></span> 
     </span>
     <span class='ocr_line' id='line_1_52' title="bbox 537 2224 986 2280; baseline -0.011 -13"><span class='ocrx_word' id='word_1_270' title='bbox 537 2229 604 2280; x_wconf 84' lang='lat' dir='ltr'>qui</span> <span class='ocrx_word' id='word_1_271' title='bbox 623 2228 653 2266; x_wconf 79' lang='lat' dir='ltr'>fx</span> <span class='ocrx_word' id='word_1_272' title='bbox 675 2238 805 2266; x_wconf 89' lang='lat' dir='ltr'>esrom</span> <span class='ocrx_word' id='word_1_273' title='bbox 818 2246 827 2256; x_wconf 91' lang='lat'><strong>·</strong></span> <span class='ocrx_word' id='word_1_274' title='bbox 869 2225 936 2276; x_wconf 85' lang='lat' dir='ltr'>qui</span> <span class='ocrx_word' id='word_1_275' title='bbox 955 2224 986 2263; x_wconf 80' lang='lat' dir='ltr'>fs</span> 
     </span>
     <span class='ocr_line' id='line_1_53' title="bbox 538 2287 959 2340; baseline -0.012 -10"><span class='ocrx_word' id='word_1_276' title='bbox 538 2292 638 2330; x_wconf 87' lang='lat' dir='ltr'>fares</span> <span class='ocrx_word' id='word_1_277' title='bbox 652 2312 661 2321; x_wconf 92' lang='lat'><em>·</em></span> <span class='ocrx_word' id='word_1_278' title='bbox 705 2290 772 2340; x_wconf 91' lang='lat' dir='ltr'>qui</span> <span class='ocrx_word' id='word_1_279' title='bbox 792 2288 821 2326; x_wconf 78' lang='lat' dir='ltr'>fs</span> <span class='ocrx_word' id='word_1_280' title='bbox 844 2287 959 2326; x_wconf 91' lang='lat' dir='ltr'>iudae</span> 
     </span>
     <span class='ocr_line' id='line_1_54' title="bbox 536 2349 985 2405; baseline -0.011 -13"><span class='ocrx_word' id='word_1_281' title='bbox 536 2354 641 2405; x_wconf 78' lang='lat' dir='ltr'>⁸⁴qui</span> <span class='ocrx_word' id='word_1_282' title='bbox 654 2353 684 2391; x_wconf 76' lang='lat' dir='ltr'>fs</span> <span class='ocrx_word' id='word_1_283' title='bbox 702 2351 816 2390; x_wconf 92' lang='lat' dir='ltr'>iacob</span> <span class='ocrx_word' id='word_1_284' title='bbox 830 2372 838 2381; x_wconf 95' lang='lat'>·</span> <span class='ocrx_word' id='word_1_285' title='bbox 869 2351 936 2400; x_wconf 93' lang='lat' dir='ltr'>qui</span> <span class='ocrx_word' id='word_1_286' title='bbox 956 2349 985 2388; x_wconf 78' lang='lat' dir='ltr'>fs</span> 
     </span>
     <span class='ocr_line' id='line_1_55' title="bbox 538 2412 1005 2466; baseline -0.015 -10"><span class='ocrx_word' id='word_1_287' title='bbox 538 2418 660 2456; x_wconf 91' lang='lat' dir='ltr'>isaac·</span> <span class='ocrx_word' id='word_1_288' title='bbox 675 2415 741 2466; x_wconf 89' lang='lat' dir='ltr'>qui</span> <span class='ocrx_word' id='word_1_289' title='bbox 749 2414 792 2452; x_wconf 83' lang='lat' dir='ltr'>fs·</span> <span class='ocrx_word' id='word_1_290' title='bbox 806 2412 1005 2451; x_wconf 85' lang='lat' dir='ltr'>abraham·</span> 
     </span>
     <span class='ocr_line' id='line_1_56' title="bbox 538 2474 991 2530; baseline -0.011 -13"><span class='ocrx_word' id='word_1_291' title='bbox 538 2479 605 2530; x_wconf 89' lang='lat' dir='ltr'>qui</span> <span class='ocrx_word' id='word_1_292' title='bbox 624 2478 653 2516; x_wconf 88' lang='lat' dir='ltr'>fs</span> <span class='ocrx_word' id='word_1_293' title='bbox 676 2478 783 2516; x_wconf 91' lang='lat' dir='ltr'>thare</span> <span class='ocrx_word' id='word_1_294' title='bbox 800 2497 808 2505; x_wconf 90' lang='lat'><strong>·</strong></span> <span class='ocrx_word' id='word_1_295' title='bbox 825 2496 834 2505; x_wconf 92' lang='lat'><strong>·</strong></span> <span class='ocrx_word' id='word_1_296' title='bbox 874 2475 942 2526; x_wconf 93' lang='lat' dir='ltr'>qui</span> <span class='ocrx_word' id='word_1_297' title='bbox 962 2474 991 2513; x_wconf 82' lang='lat' dir='ltr'>fx</span> 
     </span>
    </p>
   </div>
   <div class='ocr_carea' id='block_1_18' title="bbox 538 2537 1024 2591">
    <p class='ocr_par' dir='ltr' id='par_1_20' title="bbox 538 2537 1024 2591">
     <span class='ocr_line' id='line_1_57' title="bbox 538 2537 1024 2591; baseline -0.01 -11"><span class='ocrx_word' id='word_1_298' title='bbox 538 2541 687 2579; x_wconf 90' lang='lat' dir='ltr'>nachor</span> <span class='ocrx_word' id='word_1_299' title='bbox 695 2562 703 2570; x_wconf 92' lang='lat'><strong>·</strong></span> <span class='ocrx_word' id='word_1_300' title='bbox 719 2539 816 2591; x_wconf 79' lang='lat' dir='ltr'>⁸⁵qui</span> <span class='ocrx_word' id='word_1_301' title='bbox 828 2538 846 2577; x_wconf 89' lang='lat' dir='ltr'>f</span> <span class='ocrx_word' id='word_1_302' title='bbox 847 2552 858 2577; x_wconf 85' lang='grc' dir='ltr'><strong><em>ς</em></strong></span> <span class='ocrx_word' id='word_1_303' title='bbox 869 2537 1007 2577; x_wconf 84' lang='lat' dir='ltr'>seruch</span> <span class='ocrx_word' id='word_1_304' title='bbox 1015 2559 1024 2568; x_wconf 92' lang='lat'><strong>·</strong></span> 
     </span>
    </p>
   </div>
   <div class='ocr_carea' id='block_1_19' title="bbox 538 2600 1007 2963">
    <p class='ocr_par' dir='ltr' id='par_1_21' title="bbox 538 2600 1007 2963">
     <span class='ocr_line' id='line_1_58' title="bbox 542 2600 966 2655; baseline -0.007 -14"><span class='ocrx_word' id='word_1_305' title='bbox 542 2605 608 2655; x_wconf 91' lang='lat' dir='ltr'>qui</span> <span class='ocrx_word' id='word_1_306' title='bbox 628 2604 656 2641; x_wconf 79' lang='lat' dir='ltr'>fs</span> <span class='ocrx_word' id='word_1_307' title='bbox 679 2615 798 2653; x_wconf 89' lang='lat' dir='ltr'>ragau</span> <span class='ocrx_word' id='word_1_308' title='bbox 812 2623 821 2632; x_wconf 90' lang='lat'><strong>·</strong></span> <span class='ocrx_word' id='word_1_309' title='bbox 851 2601 919 2651; x_wconf 91' lang='lat' dir='ltr'>qui</span> <span class='ocrx_word' id='word_1_310' title='bbox 938 2600 966 2639; x_wconf 76' lang='lat' dir='ltr'>fs</span> 
     </span>
     <span class='ocr_line' id='line_1_59' title="bbox 538 2664 986 2717; baseline -0.007 -13"><span class='ocrx_word' id='word_1_311' title='bbox 538 2666 678 2717; x_wconf 91' lang='lat' dir='ltr'>phalec</span> <span class='ocrx_word' id='word_1_312' title='bbox 692 2687 700 2696; x_wconf 91' lang='lat'><strong>·</strong></span> <span class='ocrx_word' id='word_1_313' title='bbox 732 2666 798 2715; x_wconf 90' lang='lat' dir='ltr'>qui</span> <span class='ocrx_word' id='word_1_314' title='bbox 818 2664 845 2702; x_wconf 74' lang='lat' dir='ltr'>fs</span> <span class='ocrx_word' id='word_1_315' title='bbox 869 2665 961 2702; x_wconf 88' lang='lat' dir='ltr'>eber</span> <span class='ocrx_word' id='word_1_316' title='bbox 977 2684 986 2693; x_wconf 88' lang='lat'><strong>·</strong></span> 
     </span>
     <span class='ocr_line' id='line_1_60' title="bbox 540 2726 997 2780; baseline -0.007 -14"><span class='ocrx_word' id='word_1_317' title='bbox 540 2730 607 2780; x_wconf 90' lang='lat' dir='ltr'>qui</span> <span class='ocrx_word' id='word_1_318' title='bbox 625 2729 653 2767; x_wconf 81' lang='lat' dir='ltr'>fs</span> <span class='ocrx_word' id='word_1_319' title='bbox 677 2728 781 2767; x_wconf 88' lang='lat' dir='ltr'>salae</span> <span class='ocrx_word' id='word_1_320' title='bbox 794 2748 803 2757; x_wconf 92' lang='lat'><strong>·</strong></span> <span class='ocrx_word' id='word_1_321' title='bbox 845 2727 874 2748; x_wconf 77' lang='lat'>³⁶</span> <span class='ocrx_word' id='word_1_322' title='bbox 886 2726 952 2777; x_wconf 85' lang='lat' dir='ltr'>qui</span> <span class='ocrx_word' id='word_1_323' title='bbox 968 2726 997 2764; x_wconf 87' lang='lat' dir='ltr'>fs</span> 
     </span>
     <span class='ocr_line' id='line_1_61' title="bbox 541 2789 1007 2840; baseline -0.004 -11"><span class='ocrx_word' id='word_1_324' title='bbox 541 2792 698 2829; x_wconf 91' lang='lat' dir='ltr'>cainan·</span> <span class='ocrx_word' id='word_1_325' title='bbox 720 2791 785 2840; x_wconf 90' lang='lat' dir='ltr'>qui</span> <span class='ocrx_word' id='word_1_326' title='bbox 797 2789 826 2827; x_wconf 79' lang='lat' dir='ltr'>fs</span> <span class='ocrx_word' id='word_1_327' title='bbox 841 2789 1007 2828; x_wconf 87' lang='lat' dir='ltr'>arfaxat·</span> 
     </span>
     <span class='ocr_line' id='line_1_62' title="bbox 541 2851 965 2903; baseline -0.002 -13"><span class='ocrx_word' id='word_1_328' title='bbox 541 2854 609 2903; x_wconf 89' lang='lat' dir='ltr'>qui</span> <span class='ocrx_word' id='word_1_329' title='bbox 627 2852 697 2890; x_wconf 84' lang='lat' dir='ltr'>fuit</span> <span class='ocrx_word' id='word_1_330' title='bbox 716 2864 798 2890; x_wconf 92' lang='lat' dir='ltr'>sem</span> <span class='ocrx_word' id='word_1_331' title='bbox 813 2872 821 2880; x_wconf 94' lang='lat'><strong>·</strong></span> <span class='ocrx_word' id='word_1_332' title='bbox 852 2852 917 2901; x_wconf 90' lang='lat' dir='ltr'>qui</span> <span class='ocrx_word' id='word_1_333' title='bbox 937 2851 965 2889; x_wconf 83' lang='lat' dir='ltr'>fs</span> 
     </span>
     <span class='ocr_line' id='line_1_63' title="bbox 543 2912 956 2963; baseline -0.01 -10"><span class='ocrx_word' id='word_1_334' title='bbox 543 2927 619 2953; x_wconf 89' lang='lat' dir='ltr'>noe</span> <span class='ocrx_word' id='word_1_335' title='bbox 634 2935 642 2944; x_wconf 92' lang='lat'><strong>·</strong></span> <span class='ocrx_word' id='word_1_336' title='bbox 673 2914 738 2963; x_wconf 92' lang='lat' dir='ltr'>qui</span> <span class='ocrx_word' id='word_1_337' title='bbox 759 2913 787 2950; x_wconf 79' lang='lat' dir='ltr'>fs</span> <span class='ocrx_word' id='word_1_338' title='bbox 810 2912 956 2950; x_wconf 89' lang='lat' dir='ltr'>lamec·</span> 
     </span>
    </p>
   </div>
   <div class='ocr_carea' id='block_1_20' title="bbox 1039 2034 1513 2962">
    <p class='ocr_par' dir='ltr' id='par_1_22' title="bbox 1042 2034 1513 2210">
     <span class='ocr_line' id='line_1_64' title="bbox 1042 2034 1513 2074; baseline 0.004 -2"><span class='ocrx_word' id='word_1_339' title='bbox 1042 2034 1108 2073; x_wconf 74' lang='lat' dir='ltr'>”Et</span> <span class='ocrx_word' id='word_1_340' title='bbox 1116 2035 1224 2072; x_wconf 85' lang='lat' dir='ltr'>duxit</span> <span class='ocrx_word' id='word_1_341' title='bbox 1236 2034 1343 2072; x_wconf 90' lang='lat' dir='ltr'>illum</span> <span class='ocrx_word' id='word_1_342' title='bbox 1358 2035 1513 2074; x_wconf 88' lang='lat' dir='ltr'>inhieru</span> 
     </span>
     <span class='ocr_line' id='line_1_65' title="bbox 1043 2098 1474 2137; baseline 0.002 -1"><span class='ocrx_word' id='word_1_343' title='bbox 1043 2098 1165 2137; x_wconf 91' lang='lat' dir='ltr'>salem</span> <span class='ocrx_word' id='word_1_344' title='bbox 1186 2104 1224 2136; x_wconf 93' lang='lat' dir='ltr'>et</span> <span class='ocrx_word' id='word_1_345' title='bbox 1240 2098 1372 2137; x_wconf 88' lang='lat' dir='ltr'>statuit</span> <span class='ocrx_word' id='word_1_346' title='bbox 1391 2105 1474 2137; x_wconf 65' lang='lat' dir='ltr'>eu-</span> 
     </span>
     <span class='ocr_line' id='line_1_66' title="bbox 1042 2160 1402 2210; baseline 0 -11"><span class='ocrx_word' id='word_1_347' title='bbox 1042 2173 1161 2210; x_wconf 88' lang='lat' dir='ltr'>super</span> <span class='ocrx_word' id='word_1_348' title='bbox 1180 2160 1345 2210; x_wconf 89' lang='lat' dir='ltr'>pinnam</span> <span class='ocrx_word' id='word_1_349' title='bbox 1365 2164 1402 2199; x_wconf 68' lang='lat' dir='ltr'>te</span> 
     </span>
    </p>

    <p class='ocr_par' dir='ltr' id='par_1_23' title="bbox 1039 2223 1513 2699">
     <span class='ocr_line' id='line_1_67' title="bbox 1039 2223 1502 2273; baseline 0.002 -13"><span class='ocrx_word' id='word_1_350' title='bbox 1039 2223 1094 2273; x_wconf 91' lang='lat' dir='ltr'>pli</span> <span class='ocrx_word' id='word_1_351' title='bbox 1114 2229 1151 2261; x_wconf 90' lang='lat' dir='ltr'>et</span> <span class='ocrx_word' id='word_1_352' title='bbox 1171 2223 1267 2260; x_wconf 86' lang='lat' dir='ltr'>dixit</span> <span class='ocrx_word' id='word_1_353' title='bbox 1287 2223 1363 2260; x_wconf 88' lang='lat' dir='ltr'>illi·</span> <span class='ocrx_word' id='word_1_354' title='bbox 1397 2223 1429 2262; x_wconf 94' lang='lat' dir='ltr'>si</span> <span class='ocrx_word' id='word_1_355' title='bbox 1448 2223 1502 2261; x_wconf 89' lang='lat' dir='ltr'>fili</span> 
     </span>
     <span class='ocr_line' id='line_1_68' title="bbox 1041 2285 1513 2325; baseline 0.004 -2"><span class='ocrx_word' id='word_1_356' title='bbox 1041 2297 1087 2323; x_wconf 92' lang='lat' dir='ltr'>us</span> <span class='ocrx_word' id='word_1_357' title='bbox 1107 2297 1149 2324; x_wconf 90' lang='lat' dir='ltr'>es</span> <span class='ocrx_word' id='word_1_358' title='bbox 1163 2285 1202 2324; x_wconf 84' lang='lat' dir='ltr'>di</span> <span class='ocrx_word' id='word_1_359' title='bbox 1239 2286 1349 2323; x_wconf 88' lang='lat' dir='ltr'>mitte</span> <span class='ocrx_word' id='word_1_360' title='bbox 1368 2293 1406 2325; x_wconf 90' lang='lat' dir='ltr'>te</span> <span class='ocrx_word' id='word_1_361' title='bbox 1421 2286 1513 2325; x_wconf 91' lang='lat' dir='ltr'>hinc</span> 
     </span>
     <span class='ocr_line' id='line_1_69' title="bbox 1043 2346 1439 2398; baseline 0 -13"><span class='ocrx_word' id='word_1_362' title='bbox 1043 2347 1227 2386; x_wconf 92' lang='lat' dir='ltr'>deorsum</span> <span class='ocrx_word' id='word_1_363' title='bbox 1242 2369 1251 2378; x_wconf 88' lang='lat'><strong>·</strong></span> <span class='ocrx_word' id='word_1_364' title='bbox 1295 2346 1324 2368; x_wconf 81' lang='lat'>²⁰</span> <span class='ocrx_word' id='word_1_365' title='bbox 1337 2348 1439 2398; x_wconf 90' lang='lat' dir='ltr'>scrip</span> 
     </span>
     <span class='ocr_line' id='line_1_70' title="bbox 1041 2410 1459 2461; baseline 0.002 -13"><span class='ocrx_word' id='word_1_366' title='bbox 1041 2416 1125 2448; x_wconf 88' lang='lat' dir='ltr'>tum</span> <span class='ocrx_word' id='word_1_367' title='bbox 1146 2416 1205 2448; x_wconf 91' lang='lat' dir='ltr'>est</span> <span class='ocrx_word' id='word_1_368' title='bbox 1223 2410 1329 2448; x_wconf 90' lang='lat' dir='ltr'>enim</span> <span class='ocrx_word' id='word_1_369' title='bbox 1349 2410 1459 2461; x_wconf 92' lang='lat' dir='ltr'>quod</span> 
     </span>
     <span class='ocr_line' id='line_1_71' title="bbox 1042 2473 1456 2523; baseline -0.002 -11"><span class='ocrx_word' id='word_1_370' title='bbox 1042 2473 1191 2523; x_wconf 89' lang='lat' dir='ltr'>angelis</span> <span class='ocrx_word' id='word_1_371' title='bbox 1211 2473 1291 2512; x_wconf 84' lang='lat' dir='ltr'>suis</span> <span class='ocrx_word' id='word_1_372' title='bbox 1311 2473 1456 2511; x_wconf 92' lang='lat' dir='ltr'>manda</span> 
     </span>
     <span class='ocr_line' id='line_1_72' title="bbox 1039 2535 1454 2574; baseline -0.002 0"><span class='ocrx_word' id='word_1_373' title='bbox 1039 2536 1096 2574; x_wconf 92' lang='lat' dir='ltr'>uit</span> <span class='ocrx_word' id='word_1_374' title='bbox 1115 2535 1163 2574; x_wconf 92' lang='lat' dir='ltr'>de</span> <span class='ocrx_word' id='word_1_375' title='bbox 1182 2541 1219 2574; x_wconf 89' lang='lat' dir='ltr'>te</span> <span class='ocrx_word' id='word_1_376' title='bbox 1239 2542 1282 2574; x_wconf 89' lang='lat' dir='ltr'>ut</span> <span class='ocrx_word' id='word_1_377' title='bbox 1301 2535 1454 2574; x_wconf 91' lang='lat' dir='ltr'>custodi</span> 
     </span>
     <span class='ocr_line' id='line_1_73' title="bbox 1045 2597 1512 2648; baseline 0.002 -12"><span class='ocrx_word' id='word_1_378' title='bbox 1045 2605 1111 2637; x_wconf 92' lang='lat' dir='ltr'>ant</span> <span class='ocrx_word' id='word_1_379' title='bbox 1124 2604 1160 2636; x_wconf 90' lang='lat' dir='ltr'>te</span> <span class='ocrx_word' id='word_1_380' title='bbox 1170 2618 1178 2628; x_wconf 90' lang='lat'><strong>·</strong></span> <span class='ocrx_word' id='word_1_381' title='bbox 1205 2597 1278 2636; x_wconf 84' lang='lat' dir='ltr'>¹¹et</span> <span class='ocrx_word' id='word_1_382' title='bbox 1291 2598 1382 2648; x_wconf 91' lang='lat' dir='ltr'>quia</span> <span class='ocrx_word' id='word_1_383' title='bbox 1394 2598 1434 2636; x_wconf 94' lang='lat' dir='ltr'>in</span> <span class='ocrx_word' id='word_1_384' title='bbox 1446 2610 1512 2637; x_wconf 88' lang='lat' dir='ltr'>ma</span> 
     </span>
     <span class='ocr_line' id='line_1_74' title="bbox 1044 2660 1371 2699; baseline 0 -1"><span class='ocrx_word' id='word_1_385' title='bbox 1044 2661 1158 2699; x_wconf 89' lang='lat' dir='ltr'>nibus</span> <span class='ocrx_word' id='word_1_386' title='bbox 1177 2660 1314 2698; x_wconf 90' lang='lat' dir='ltr'>tollent</span> <span class='ocrx_word' id='word_1_387' title='bbox 1333 2667 1371 2699; x_wconf 91' lang='lat' dir='ltr'>te</span> 
     </span>
    </p>

    <p class='ocr_par' dir='ltr' id='par_1_24' title="bbox 1043 2723 1411 2763">
     <span class='ocr_line' id='line_1_75' title="bbox 1043 2723 1411 2763; baseline 0.003 -1"><span class='ocrx_word' id='word_1_388' title='bbox 1043 2736 1093 2762; x_wconf 90' lang='lat' dir='ltr'>ne</span> <span class='ocrx_word' id='word_1_389' title='bbox 1114 2723 1212 2763; x_wconf 89' lang='lat' dir='ltr'>forte</span> <span class='ocrx_word' id='word_1_390' title='bbox 1232 2723 1411 2763; x_wconf 89' lang='lat' dir='ltr'>offendas</span> 
     </span>
    </p>

    <p class='ocr_par' dir='ltr' id='par_1_25' title="bbox 1040 2786 1500 2962">
     <span class='ocr_line' id='line_1_76' title="bbox 1042 2786 1499 2836; baseline 0.002 -13"><span class='ocrx_word' id='word_1_391' title='bbox 1042 2799 1065 2824; x_wconf 90' lang='lat' dir='ltr'>a</span> <span class='ocrx_word' id='word_1_392' title='bbox 1079 2786 1248 2836; x_wconf 86' lang='lat' dir='ltr'>lapidem</span> <span class='ocrx_word' id='word_1_393' title='bbox 1269 2786 1366 2836; x_wconf 70' lang='lat' dir='ltr'>pede</span> <span class='ocrx_word' id='word_1_394' title='bbox 1387 2793 1499 2825; x_wconf 77' lang='lat' dir='ltr'>tun--</span> 
     </span>
     <span class='ocr_line' id='line_1_77' title="bbox 1041 2847 1500 2899; baseline 0.002 -13"><span class='ocrx_word' id='word_1_395' title='bbox 1041 2847 1124 2887; x_wconf 67' lang='grc' dir='ltr'>12Ε(</span> <span class='ocrx_word' id='word_1_396' title='bbox 1142 2849 1384 2899; x_wconf 90' lang='lat' dir='ltr'>respondens</span> <span class='ocrx_word' id='word_1_397' title='bbox 1405 2849 1500 2888; x_wconf 88' lang='lat' dir='ltr'>dixit</span> 
     </span>
     <span class='ocr_line' id='line_1_78' title="bbox 1040 2911 1449 2962; baseline 0.01 -15"><span class='ocrx_word' id='word_1_398' title='bbox 1040 2911 1091 2948; x_wconf 92' lang='lat' dir='ltr'>illi</span> <span class='ocrx_word' id='word_1_399' title='bbox 1110 2911 1194 2949; x_wconf 82' lang='lat' dir='ltr'>ihs·</span> <span class='ocrx_word' id='word_1_400' title='bbox 1226 2912 1370 2962; x_wconf 69' lang='lat' dir='ltr'>scriptu</span> <span class='ocrx_word' id='word_1_401' title='bbox 1390 2919 1449 2951; x_wconf 91' lang='lat' dir='ltr'>est</span> 
     </span>
    </p>
   </div>
   <div class='ocr_carea' id='block_1_21' title="bbox 1584 440 2065 1674">
    <p class='ocr_par' dir='ltr' id='par_1_26' title="bbox 1589 440 2065 1106">
     <span class='ocr_line' id='line_1_79' title="bbox 1594 440 2018 491; baseline 0.007 -14"><span class='ocrx_word' id='word_1_402' title='bbox 1594 451 1675 478; x_wconf 90' lang='lat' dir='ltr'>non</span> <span class='ocrx_word' id='word_1_403' title='bbox 1695 440 1902 491; x_wconf 89' lang='lat' dir='ltr'>temptabis</span> <span class='ocrx_word' id='word_1_404' title='bbox 1923 440 2018 480; x_wconf 77' lang='lat' dir='ltr'>dfim</span> 
     </span>
     <span class='ocr_line' id='line_1_80' title="bbox 1594 502 2065 543; baseline 0.006 -3"><span class='ocrx_word' id='word_1_405' title='bbox 1594 502 1660 540; x_wconf 72' lang='lat' dir='ltr'>dm</span> <span class='ocrx_word' id='word_1_406' title='bbox 1677 509 1786 540; x_wconf 90' lang='lat' dir='ltr'>tuum</span> <span class='ocrx_word' id='word_1_407' title='bbox 1800 524 1809 534; x_wconf 88' lang='lat'><strong>·</strong></span> <span class='ocrx_word' id='word_1_408' title='bbox 1824 524 1833 534; x_wconf 90' lang='lat'><strong>·</strong></span> <span class='ocrx_word' id='word_1_409' title='bbox 1848 525 1857 534; x_wconf 91' lang='lat'><strong>·</strong></span> <span class='ocrx_word' id='word_1_410' title='bbox 1871 504 1942 542; x_wconf 83' lang='lat' dir='ltr'>⁶Et</span> <span class='ocrx_word' id='word_1_411' title='bbox 1955 504 2065 543; x_wconf 87' lang='lat' dir='ltr'>duxit</span> 
     </span>
     <span class='ocr_line' id='line_1_81' title="bbox 1591 565 1958 605; baseline 0.008 -3"><span class='ocrx_word' id='word_1_412' title='bbox 1591 565 1698 603; x_wconf 89' lang='lat' dir='ltr'>illum</span> <span class='ocrx_word' id='word_1_413' title='bbox 1719 565 1898 605; x_wconf 90' lang='lat' dir='ltr'>diabolus</span> <span class='ocrx_word' id='word_1_414' title='bbox 1918 567 1958 605; x_wconf 90' lang='lat' dir='ltr'>in</span> 
     </span>
     <span class='ocr_line' id='line_1_82' title="bbox 1592 629 2002 668; baseline 0.01 -3"><span class='ocrx_word' id='word_1_415' title='bbox 1592 634 1768 666; x_wconf 90' lang='lat' dir='ltr'>montem</span> <span class='ocrx_word' id='word_1_416' title='bbox 1789 629 1978 668; x_wconf 69' lang='lat' dir='ltr'>excelsu*</span> <span class='ocrx_word' id='word_1_417' title='bbox 1993 650 2002 661; x_wconf 93' lang='lat'><strong>·</strong></span> 
     </span>
     <span class='ocr_line' id='line_1_83' title="bbox 1591 691 1978 731; baseline 0.008 -3"><span class='ocrx_word' id='word_1_418' title='bbox 1591 696 1629 729; x_wconf 91' lang='lat' dir='ltr'>et</span> <span class='ocrx_word' id='word_1_419' title='bbox 1648 691 1819 730; x_wconf 89' lang='lat' dir='ltr'>ostendit</span> <span class='ocrx_word' id='word_1_420' title='bbox 1838 692 1890 730; x_wconf 95' lang='lat' dir='ltr'>illi</span> <span class='ocrx_word' id='word_1_421' title='bbox 1909 705 1978 731; x_wconf 89' lang='lat' dir='ltr'>om</span> 
     </span>
     <span class='ocr_line' id='line_1_84' title="bbox 1592 753 1994 802; baseline 0.007 -12"><span class='ocrx_word' id='word_1_422' title='bbox 1592 753 1655 791; x_wconf 89' lang='lat' dir='ltr'>nia</span> <span class='ocrx_word' id='word_1_423' title='bbox 1673 766 1795 802; x_wconf 87' lang='lat' dir='ltr'>regna</span> <span class='ocrx_word' id='word_1_424' title='bbox 1813 754 1917 793; x_wconf 86' lang='lat' dir='ltr'>orbis</span> <span class='ocrx_word' id='word_1_425' title='bbox 1936 761 1994 793; x_wconf 90' lang='lat' dir='ltr'>ter</span> 
     </span>
     <span class='ocr_line' id='line_1_85' title="bbox 1590 815 1998 856; baseline 0.007 -3"><span class='ocrx_word' id='word_1_426' title='bbox 1590 827 1654 854; x_wconf 90' lang='lat' dir='ltr'>rae</span> <span class='ocrx_word' id='word_1_427' title='bbox 1674 815 1714 853; x_wconf 90' lang='lat' dir='ltr'>in</span> <span class='ocrx_word' id='word_1_428' title='bbox 1734 823 1936 855; x_wconf 90' lang='lat' dir='ltr'>momento</span> <span class='ocrx_word' id='word_1_429' title='bbox 1960 821 1998 856; x_wconf 69' lang='lat' dir='ltr'>te</span> 
     </span>
     <span class='ocr_line' id='line_1_86' title="bbox 1591 878 2011 928; baseline 0.007 -13"><span class='ocrx_word' id='word_1_430' title='bbox 1591 878 1698 928; x_wconf 93' lang='lat' dir='ltr'>poris</span> <span class='ocrx_word' id='word_1_431' title='bbox 1714 899 1723 908; x_wconf 93' lang='lat'><strong>·</strong></span> <span class='ocrx_word' id='word_1_432' title='bbox 1752 879 1765 899; x_wconf 80' lang='lat'><strong>⁶</strong></span> <span class='ocrx_word' id='word_1_433' title='bbox 1777 879 1829 917; x_wconf 93' lang='lat' dir='ltr'>Et</span> <span class='ocrx_word' id='word_1_434' title='bbox 1845 880 1897 918; x_wconf 87' lang='lat' dir='ltr'>ait</span> <span class='ocrx_word' id='word_1_435' title='bbox 1916 880 1966 918; x_wconf 92' lang='lat' dir='ltr'>ad</span> <span class='ocrx_word' id='word_1_436' title='bbox 1986 879 2011 918; x_wconf 93' lang='lat' dir='ltr'>il</span> 
     </span>
     <span class='ocr_line' id='line_1_87' title="bbox 1590 940 2005 981; baseline 0.005 -3"><span class='ocrx_word' id='word_1_437' title='bbox 1590 940 1669 978; x_wconf 89' lang='lat' dir='ltr'>lum</span> <span class='ocrx_word' id='word_1_438' title='bbox 1690 941 1867 980; x_wconf 93' lang='lat' dir='ltr'>diabolus</span> <span class='ocrx_word' id='word_1_439' title='bbox 1884 963 1893 972; x_wconf 94' lang='lat'><strong>·</strong></span> <span class='ocrx_word' id='word_1_440' title='bbox 1936 942 2005 981; x_wconf 94' lang='lat' dir='ltr'>tibi</span> 
     </span>
     <span class='ocr_line' id='line_1_88' title="bbox 1590 1003 1950 1055; baseline 0.006 -14"><span class='ocrx_word' id='word_1_441' title='bbox 1590 1003 1692 1042; x_wconf 90' lang='lat' dir='ltr'>dabo</span> <span class='ocrx_word' id='word_1_442' title='bbox 1716 1010 1950 1055; x_wconf 87' lang='lat' dir='ltr'>potestatem</span> 
     </span>
     <span class='ocr_line' id='line_1_89' title="bbox 1589 1065 1957 1106; baseline 0.008 -2"><span class='ocrx_word' id='word_1_443' title='bbox 1589 1065 1690 1105; x_wconf 89' lang='lat' dir='ltr'>hanc</span> <span class='ocrx_word' id='word_1_444' title='bbox 1710 1068 1932 1106; x_wconf 88' lang='lat' dir='ltr'>uniuersam</span> <span class='ocrx_word' id='word_1_445' title='bbox 1947 1088 1957 1098; x_wconf 88' lang='lat'><strong>·</strong></span> 
     </span>
    </p>

    <p class='ocr_par' dir='ltr' id='par_1_27' title="bbox 1585 1128 2025 1483">
     <span class='ocr_line' id='line_1_90' title="bbox 1589 1128 1969 1178; baseline 0.005 -11"><span class='ocrx_word' id='word_1_446' title='bbox 1589 1135 1628 1167; x_wconf 91' lang='lat' dir='ltr'>et</span> <span class='ocrx_word' id='word_1_447' title='bbox 1647 1128 1812 1178; x_wconf 88' lang='lat' dir='ltr'>gloriam</span> <span class='ocrx_word' id='word_1_448' title='bbox 1832 1130 1944 1169; x_wconf 74' lang='lat' dir='ltr'>illorfi</span> <span class='ocrx_word' id='word_1_449' title='bbox 1960 1151 1969 1161; x_wconf 90' lang='lat'><strong>·</strong></span> 
     </span>
     <span class='ocr_line' id='line_1_91' title="bbox 1588 1192 1951 1242; baseline 0.006 -13"><span class='ocrx_word' id='word_1_450' title='bbox 1588 1192 1679 1242; x_wconf 91' lang='lat' dir='ltr'>quia</span> <span class='ocrx_word' id='word_1_451' title='bbox 1698 1193 1793 1230; x_wconf 91' lang='lat' dir='ltr'>mihi</span> <span class='ocrx_word' id='word_1_452' title='bbox 1812 1193 1951 1231; x_wconf 88' lang='lat' dir='ltr'>tradita</span> 
     </span>
     <span class='ocr_line' id='line_1_92' title="bbox 1588 1255 1988 1295; baseline 0.005 -3"><span class='ocrx_word' id='word_1_453' title='bbox 1588 1261 1678 1293; x_wconf 88' lang='lat' dir='ltr'>sunt</span> <span class='ocrx_word' id='word_1_454' title='bbox 1694 1275 1703 1285; x_wconf 90' lang='lat'><strong>·</strong></span> <span class='ocrx_word' id='word_1_455' title='bbox 1742 1255 1795 1294; x_wconf 82' lang='lat' dir='ltr'>Et</span> <span class='ocrx_word' id='word_1_456' title='bbox 1814 1257 1876 1294; x_wconf 92' lang='lat' dir='ltr'>cui</span> <span class='ocrx_word' id='word_1_457' title='bbox 1895 1255 1988 1295; x_wconf 89' lang='lat' dir='ltr'>uolo</span> 
     </span>
     <span class='ocr_line' id='line_1_93' title="bbox 1587 1317 2025 1368; baseline 0.005 -14"><span class='ocrx_word' id='word_1_458' title='bbox 1587 1317 1639 1355; x_wconf 94' lang='lat' dir='ltr'>do</span> <span class='ocrx_word' id='word_1_459' title='bbox 1660 1317 1723 1355; x_wconf 90' lang='lat' dir='ltr'>illa</span> <span class='ocrx_word' id='word_1_460' title='bbox 1736 1338 1745 1348; x_wconf 89' lang='lat'><strong>·</strong></span> <span class='ocrx_word' id='word_1_461' title='bbox 1789 1318 1857 1356; x_wconf 89' lang='lat' dir='ltr'>⁷tu</span> <span class='ocrx_word' id='word_1_462' title='bbox 1877 1329 1972 1368; x_wconf 89' lang='lat' dir='ltr'>ergo</span> <span class='ocrx_word' id='word_1_463' title='bbox 1993 1317 2025 1356; x_wconf 91' lang='lat' dir='ltr'>si</span> 
     </span>
     <span class='ocr_line' id='line_1_94' title="bbox 1586 1380 1984 1430; baseline 0 -12"><span class='ocrx_word' id='word_1_464' title='bbox 1586 1380 1794 1430; x_wconf 80' lang='lat' dir='ltr'>procidens</span> <span class='ocrx_word' id='word_1_465' title='bbox 1811 1402 1820 1411; x_wconf 92' lang='lat'><strong>·</strong></span> <span class='ocrx_word' id='word_1_466' title='bbox 1861 1381 1984 1419; x_wconf 90' lang='lat' dir='ltr'>adora</span> 
     </span>
     <span class='ocr_line' id='line_1_95' title="bbox 1585 1443 1903 1483; baseline 0.009 -3"><span class='ocrx_word' id='word_1_467' title='bbox 1585 1443 1687 1481; x_wconf 90' lang='lat' dir='ltr'>ueris</span> <span class='ocrx_word' id='word_1_468' title='bbox 1706 1449 1795 1482; x_wconf 89' lang='lat' dir='ltr'>ante</span> <span class='ocrx_word' id='word_1_469' title='bbox 1814 1456 1878 1483; x_wconf 91' lang='lat' dir='ltr'>me</span> <span class='ocrx_word' id='word_1_470' title='bbox 1894 1465 1903 1474; x_wconf 91' lang='lat'><strong>·</strong></span> 
     </span>
    </p>

    <p class='ocr_par' dir='ltr' id='par_1_28' title="bbox 1585 1508 1958 1548">
     <span class='ocr_line' id='line_1_96' title="bbox 1585 1508 1958 1548; baseline 0.011 -5"><span class='ocrx_word' id='word_1_471' title='bbox 1585 1512 1698 1544; x_wconf 88' lang='lat' dir='ltr'>erunt</span> <span class='ocrx_word' id='word_1_472' title='bbox 1717 1512 1782 1545; x_wconf 89' lang='lat' dir='ltr'>tua</span> <span class='ocrx_word' id='word_1_473' title='bbox 1801 1508 1935 1548; x_wconf 90' lang='lat' dir='ltr'>omnia</span> <span class='ocrx_word' id='word_1_474' title='bbox 1949 1530 1958 1539; x_wconf 94' lang='lat'><strong>·</strong></span> 
     </span>
    </p>

    <p class='ocr_par' dir='ltr' id='par_1_29' title="bbox 1584 1568 2043 1674">
     <span class='ocr_line' id='line_1_97' title="bbox 1584 1568 2043 1620; baseline 0.011 -14"><span class='ocrx_word' id='word_1_475' title='bbox 1584 1568 1598 1589; x_wconf 80' lang='lat'>¹³</span> <span class='ocrx_word' id='word_1_476' title='bbox 1611 1568 1661 1606; x_wconf 90' lang='lat' dir='ltr'>Et</span> <span class='ocrx_word' id='word_1_477' title='bbox 1680 1570 1923 1620; x_wconf 87' lang='lat' dir='ltr'>respondens</span> <span class='ocrx_word' id='word_1_478' title='bbox 1946 1571 2043 1611; x_wconf 86' lang='lat' dir='ltr'>dixit</span> 
     </span>
     <span class='ocr_line' id='line_1_98' title="bbox 1587 1631 2016 1674; baseline 0.014 -6"><span class='ocrx_word' id='word_1_479' title='bbox 1587 1631 1639 1669; x_wconf 91' lang='lat' dir='ltr'>illi</span> <span class='ocrx_word' id='word_1_480' title='bbox 1659 1632 1718 1670; x_wconf 83' lang='lat' dir='ltr'>ihs</span> <span class='ocrx_word' id='word_1_481' title='bbox 1732 1653 1740 1662; x_wconf 94' lang='lat'><strong>·</strong></span> <span class='ocrx_word' id='word_1_482' title='bbox 1780 1632 1895 1672; x_wconf 91' lang='lat' dir='ltr'>Uade</span> <span class='ocrx_word' id='word_1_483' title='bbox 1914 1641 2016 1674; x_wconf 91' lang='lat' dir='ltr'>retro</span> 
     </span>
    </p>
   </div>
   <div class='ocr_carea' id='block_1_22' title="bbox 1558 1723 2069 2952">
    <p class='ocr_par' dir='ltr' id='par_1_30' title="bbox 1583 1723 2055 2210">
     <span class='ocr_line' id='line_1_99' title="bbox 1585 1723 2038 1773; baseline 0.011 -16"><span class='ocrx_word' id='word_1_484' title='bbox 1585 1731 1650 1758; x_wconf 92' lang='lat' dir='ltr'>me</span> <span class='ocrx_word' id='word_1_485' title='bbox 1671 1726 1825 1760; x_wconf 90' lang='lat' dir='ltr'>satanas</span> <span class='ocrx_word' id='word_1_486' title='bbox 1841 1742 1850 1751; x_wconf 88' lang='lat'><strong>·</strong></span> <span class='ocrx_word' id='word_1_487' title='bbox 1891 1723 2038 1773; x_wconf 70' lang='lat' dir='ltr'>scriptu</span> 
     </span>
     <span class='ocr_line' id='line_1_100' title="bbox 1586 1784 2055 1824; baseline 0.009 -4"><span class='ocrx_word' id='word_1_488' title='bbox 1586 1789 1644 1821; x_wconf 92' lang='lat' dir='ltr'>est</span> <span class='ocrx_word' id='word_1_489' title='bbox 1664 1784 1770 1821; x_wconf 90' lang='lat' dir='ltr'>enim</span> <span class='ocrx_word' id='word_1_490' title='bbox 1819 1784 1914 1823; x_wconf 75' lang='lat' dir='ltr'>d1&#39;1m</span> <span class='ocrx_word' id='word_1_491' title='bbox 1930 1785 1997 1823; x_wconf 74' lang='lat' dir='ltr'>dm</span> <span class='ocrx_word' id='word_1_492' title='bbox 2014 1790 2055 1824; x_wconf 78' lang='lat' dir='ltr'>tu</span> 
     </span>
     <span class='ocr_line' id='line_1_101' title="bbox 1586 1845 2001 1887; baseline 0.007 -4"><span class='ocrx_word' id='word_1_493' title='bbox 1586 1845 1767 1885; x_wconf 88' lang='lat' dir='ltr'>adorabis</span> <span class='ocrx_word' id='word_1_494' title='bbox 1806 1854 1844 1886; x_wconf 91' lang='lat' dir='ltr'>et</span> <span class='ocrx_word' id='word_1_495' title='bbox 1856 1848 1909 1885; x_wconf 90' lang='lat' dir='ltr'>illi</span> <span class='ocrx_word' id='word_1_496' title='bbox 1929 1848 2001 1887; x_wconf 92' lang='lat' dir='ltr'>soli</span> 
     </span>
     <span class='ocr_line' id='line_1_102' title="bbox 1586 1908 2036 1950; baseline 0.009 -4"><span class='ocrx_word' id='word_1_497' title='bbox 1586 1909 1731 1947; x_wconf 90' lang='lat' dir='ltr'>seruies</span> <span class='ocrx_word' id='word_1_498' title='bbox 1747 1929 1756 1939; x_wconf 93' lang='lat'><strong>·</strong></span> <span class='ocrx_word' id='word_1_499' title='bbox 1799 1908 1891 1948; x_wconf 70' lang='grc' dir='ltr'>13Ε(</span> <span class='ocrx_word' id='word_1_500' title='bbox 1911 1915 2036 1950; x_wconf 75' lang='lat' dir='ltr'>consfi</span> 
     </span>
     <span class='ocr_line' id='line_1_103' title="bbox 1584 1972 1986 2023; baseline 0.007 -14"><span class='ocrx_word' id='word_1_501' title='bbox 1584 1978 1690 2009; x_wconf 89' lang='lat' dir='ltr'>mata</span> <span class='ocrx_word' id='word_1_502' title='bbox 1709 1972 1819 2010; x_wconf 90' lang='lat' dir='ltr'>omni</span> <span class='ocrx_word' id='word_1_503' title='bbox 1838 1979 1986 2023; x_wconf 88' lang='lat' dir='ltr'>tempta</span> 
     </span>
     <span class='ocr_line' id='line_1_104' title="bbox 1584 2034 1999 2074; baseline 0.007 -3"><span class='ocrx_word' id='word_1_504' title='bbox 1584 2034 1691 2072; x_wconf 91' lang='lat' dir='ltr'>tione</span> <span class='ocrx_word' id='word_1_505' title='bbox 1708 2054 1717 2064; x_wconf 91' lang='lat'><strong>·</strong></span> <span class='ocrx_word' id='word_1_506' title='bbox 1761 2034 1938 2074; x_wconf 91' lang='lat' dir='ltr'>diabolus</span> <span class='ocrx_word' id='word_1_507' title='bbox 1957 2048 1999 2074; x_wconf 91' lang='lat' dir='ltr'>re</span> 
     </span>
     <span class='ocr_line' id='line_1_105' title="bbox 1584 2097 1999 2149; baseline 0.007 -15"><span class='ocrx_word' id='word_1_508' title='bbox 1584 2097 1700 2135; x_wconf 89' lang='lat' dir='ltr'>cessit</span> <span class='ocrx_word' id='word_1_509' title='bbox 1719 2097 1769 2135; x_wconf 90' lang='lat' dir='ltr'>ab</span> <span class='ocrx_word' id='word_1_510' title='bbox 1789 2097 1854 2136; x_wconf 94' lang='lat' dir='ltr'>illo</span> <span class='ocrx_word' id='word_1_511' title='bbox 1874 2110 1999 2149; x_wconf 91' lang='lat' dir='ltr'>usque</span> 
     </span>
     <span class='ocr_line' id='line_1_106' title="bbox 1583 2159 1945 2210; baseline 0.006 -12"><span class='ocrx_word' id='word_1_512' title='bbox 1583 2159 1633 2198; x_wconf 91' lang='lat' dir='ltr'>ad</span> <span class='ocrx_word' id='word_1_513' title='bbox 1652 2166 1807 2210; x_wconf 88' lang='lat' dir='ltr'>tempus</span> <span class='ocrx_word' id='word_1_514' title='bbox 1822 2177 1876 2194; x_wconf 59' lang='lat' dir='ltr'>m</span> <span class='ocrx_word' id='word_1_515' title='bbox 1891 2178 1945 2193; x_wconf 62' lang='lat' dir='ltr'>m</span> 
     </span>
    </p>

    <p class='ocr_par' dir='ltr' id='par_1_31' title="bbox 1558 2221 2026 2263">
     <span class='ocr_line' id='line_1_107' title="bbox 1558 2221 2026 2263; baseline 0.009 -4"><span class='ocrx_word' id='word_1_516' title='bbox 1558 2221 1609 2246; x_wconf 69' lang='lat'>*¹4</span> <span class='ocrx_word' id='word_1_517' title='bbox 1621 2222 1672 2260; x_wconf 93' lang='lat' dir='ltr'>Et</span> <span class='ocrx_word' id='word_1_518' title='bbox 1691 2235 1869 2262; x_wconf 91' lang='lat' dir='ltr'>reuersus</span> <span class='ocrx_word' id='word_1_519' title='bbox 1889 2230 1947 2262; x_wconf 91' lang='lat' dir='ltr'>est</span> <span class='ocrx_word' id='word_1_520' title='bbox 1966 2223 2026 2263; x_wconf 84' lang='lat' dir='ltr'>ihs</span> 
     </span>
    </p>

    <p class='ocr_par' dir='ltr' id='par_1_32' title="bbox 1558 2285 1929 2335">
     <span class='ocr_line' id='line_1_108' title="bbox 1558 2285 1929 2335; baseline 0.008 -14"><span class='ocrx_word' id='word_1_521' title='bbox 1558 2285 1622 2322; x_wconf 90' lang='lat' dir='ltr'>*in</span> <span class='ocrx_word' id='word_1_522' title='bbox 1641 2285 1782 2323; x_wconf 89' lang='lat' dir='ltr'>uirtute</span> <span class='ocrx_word' id='word_1_523' title='bbox 1803 2289 1869 2335; x_wconf 70' lang='lat' dir='ltr'>sps</span> <span class='ocrx_word' id='word_1_524' title='bbox 1888 2287 1929 2324; x_wconf 91' lang='lat' dir='ltr'>in</span> 
     </span>
    </p>

    <p class='ocr_par' dir='ltr' id='par_1_33' title="bbox 1559 2347 2069 2952">
     <span class='ocr_line' id='line_1_109' title="bbox 1559 2347 1987 2397; baseline 0.009 -13"><span class='ocrx_word' id='word_1_525' title='bbox 1559 2347 1762 2397; x_wconf 85' lang='lat' dir='ltr'>*galileam</span> <span class='ocrx_word' id='word_1_526' title='bbox 1779 2369 1788 2378; x_wconf 93' lang='lat'><strong>·</strong></span> <span class='ocrx_word' id='word_1_527' title='bbox 1823 2355 1861 2386; x_wconf 93' lang='lat' dir='ltr'>et</span> <span class='ocrx_word' id='word_1_528' title='bbox 1880 2348 1987 2388; x_wconf 88' lang='lat' dir='ltr'>fama</span> 
     </span>
     <span class='ocr_line' id='line_1_110' title="bbox 1583 2411 2034 2461; baseline 0.004 -13"><span class='ocrx_word' id='word_1_529' title='bbox 1583 2411 1674 2449; x_wconf 88' lang='lat' dir='ltr'>exiit</span> <span class='ocrx_word' id='word_1_530' title='bbox 1691 2432 1699 2440; x_wconf 92' lang='lat'><strong>·</strong></span> <span class='ocrx_word' id='word_1_531' title='bbox 1729 2423 1799 2461; x_wconf 93' lang='lat' dir='ltr'>per</span> <span class='ocrx_word' id='word_1_532' title='bbox 1818 2411 2034 2450; x_wconf 76' lang='lat' dir='ltr'>uniuersa-</span> 
     </span>
     <span class='ocr_line' id='line_1_111' title="bbox 1581 2473 1962 2522; baseline 0.005 -12"><span class='ocrx_word' id='word_1_533' title='bbox 1581 2473 1785 2522; x_wconf 89' lang='lat' dir='ltr'>regionem</span> <span class='ocrx_word' id='word_1_534' title='bbox 1806 2473 1854 2512; x_wconf 91' lang='lat' dir='ltr'>de</span> <span class='ocrx_word' id='word_1_535' title='bbox 1875 2474 1940 2513; x_wconf 90' lang='lat' dir='ltr'>illo</span> <span class='ocrx_word' id='word_1_536' title='bbox 1953 2495 1962 2504; x_wconf 91' lang='lat'><strong>·</strong></span> 
     </span>
     <span class='ocr_line' id='line_1_112' title="bbox 1581 2534 2050 2587; baseline 0.004 -15"><span class='ocrx_word' id='word_1_537' title='bbox 1581 2534 1667 2573; x_wconf 56' lang='lat' dir='ltr'>1&#39;‘Et</span> <span class='ocrx_word' id='word_1_538' title='bbox 1679 2536 1762 2586; x_wconf 89' lang='lat' dir='ltr'>ipse</span> <span class='ocrx_word' id='word_1_539' title='bbox 1775 2536 1942 2575; x_wconf 90' lang='lat' dir='ltr'>docebat</span> <span class='ocrx_word' id='word_1_540' title='bbox 1954 2536 1994 2574; x_wconf 94' lang='lat' dir='ltr'>in</span> <span class='ocrx_word' id='word_1_541' title='bbox 2007 2548 2050 2587; x_wconf 91' lang='lat' dir='ltr'>sy</span> 
     </span>
     <span class='ocr_line' id='line_1_113' title="bbox 1581 2599 2050 2649; baseline 0.002 -13"><span class='ocrx_word' id='word_1_542' title='bbox 1581 2599 1695 2648; x_wconf 90' lang='lat' dir='ltr'>nagis</span> <span class='ocrx_word' id='word_1_543' title='bbox 1711 2611 1847 2637; x_wconf 91' lang='lat' dir='ltr'>eorum</span> <span class='ocrx_word' id='word_1_544' title='bbox 1862 2620 1870 2629; x_wconf 95' lang='lat'><strong>·</strong></span> <span class='ocrx_word' id='word_1_545' title='bbox 1892 2599 1944 2638; x_wconf 91' lang='lat' dir='ltr'>Et</span> <span class='ocrx_word' id='word_1_546' title='bbox 1957 2611 2050 2649; x_wconf 90' lang='lat' dir='ltr'>mag</span> 
     </span>
     <span class='ocr_line' id='line_1_114' title="bbox 1581 2662 2069 2701; baseline 0.004 -2"><span class='ocrx_word' id='word_1_547' title='bbox 1581 2662 2069 2701; x_wconf 87' lang='lat' dir='ltr'>nificabaturabomnibus·</span> 
     </span>
     <span class='ocr_line' id='line_1_115' title="bbox 1580 2723 2021 2764; baseline 0 -1"><span class='ocrx_word' id='word_1_548' title='bbox 1580 2723 1608 2746; x_wconf 80' lang='lat'>¹⁶</span> <span class='ocrx_word' id='word_1_549' title='bbox 1620 2724 1671 2763; x_wconf 89' lang='lat' dir='ltr'>Et</span> <span class='ocrx_word' id='word_1_550' title='bbox 1690 2725 1797 2763; x_wconf 87' lang='lat' dir='ltr'>uenit</span> <span class='ocrx_word' id='word_1_551' title='bbox 1815 2725 1998 2764; x_wconf 90' lang='lat' dir='ltr'>nazareth</span> <span class='ocrx_word' id='word_1_552' title='bbox 2012 2746 2021 2756; x_wconf 93' lang='lat'><strong>·</strong></span> 
     </span>
     <span class='ocr_line' id='line_1_116' title="bbox 1579 2788 1982 2827; baseline 0.002 -2"><span class='ocrx_word' id='word_1_553' title='bbox 1579 2788 1646 2826; x_wconf 93' lang='lat' dir='ltr'>ubi</span> <span class='ocrx_word' id='word_1_554' title='bbox 1666 2794 1748 2826; x_wconf 89' lang='lat' dir='ltr'>erat</span> <span class='ocrx_word' id='word_1_555' title='bbox 1794 2788 1957 2827; x_wconf 91' lang='lat' dir='ltr'>nutritus</span> <span class='ocrx_word' id='word_1_556' title='bbox 1973 2809 1982 2818; x_wconf 90' lang='lat'><strong>·</strong></span> 
     </span>
     <span class='ocr_line' id='line_1_117' title="bbox 1579 2850 1983 2890; baseline 0.002 -2"><span class='ocrx_word' id='word_1_557' title='bbox 1579 2857 1617 2889; x_wconf 91' lang='lat' dir='ltr'>et</span> <span class='ocrx_word' id='word_1_558' title='bbox 1636 2850 1791 2889; x_wconf 90' lang='lat' dir='ltr'>intrauit</span> <span class='ocrx_word' id='word_1_559' title='bbox 1810 2850 1983 2890; x_wconf 67' lang='lat' dir='ltr'>secundi-1</span> 
     </span>
     <span class='ocr_line' id='line_1_118' title="bbox 1579 2913 2022 2952; baseline 0.002 -1"><span class='ocrx_word' id='word_1_560' title='bbox 1579 2913 1904 2952; x_wconf 89' lang='lat' dir='ltr'>consuetudinem</span> <span class='ocrx_word' id='word_1_561' title='bbox 1920 2921 2022 2952; x_wconf 68' lang='lat' dir='ltr'>sua-</span> 
     </span>
    </p>
   </div>
   <div class='ocr_carea' id='block_1_23' title="bbox 2273 226 2569 272">
    <p class='ocr_par' dir='ltr' id='par_1_34' title="bbox 2273 226 2569 272">
     <span class='ocr_line' id='line_1_119' title="bbox 2273 226 2569 272; baseline 0.003 -11"><span class='ocrx_word' id='word_1_562' title='bbox 2273 226 2352 270; x_wconf 90' lang='lat'>[111.</span> <span class='ocrx_word' id='word_1_563' title='bbox 2369 230 2497 272; x_wconf 84' lang='lat' dir='ltr'><strong>25—1v.</strong></span> <span class='ocrx_word' id='word_1_564' title='bbox 2517 238 2569 272; x_wconf 78' lang='lat'>23.</span> 
     </span>
    </p>
   </div>
   <div class='ocr_carea' id='block_1_24' title="bbox 2087 440 2743 1680">
    <p class='ocr_par' dir='ltr' id='par_1_35' title="bbox 2097 440 2743 683">
     <span class='ocr_line' id='line_1_120' title="bbox 2100 440 2743 495; baseline 0.002 -14"><span class='ocrx_word' id='word_1_565' title='bbox 2100 440 2174 482; x_wconf 89' lang='lat' dir='ltr'>Die</span> <span class='ocrx_word' id='word_1_566' title='bbox 2194 443 2344 482; x_wconf 88' lang='lat' dir='ltr'>sabbati</span> <span class='ocrx_word' id='word_1_567' title='bbox 2363 443 2403 482; x_wconf 89' lang='lat' dir='ltr'>in</span> <span class='ocrx_word' id='word_1_568' title='bbox 2424 455 2522 495; x_wconf 86' lang='lat' dir='ltr'>syna</span> <span class='ocrx_word' id='word_1_569' title='bbox 2584 449 2666 482; x_wconf 60' lang='grc' dir='ltr'><strong>ποι.</strong></span> <span class='ocrx_word' id='word_1_570' title='bbox 2681 448 2743 482; x_wconf 77' lang='grc'>94.</span> 
     </span>
     <span class='ocr_line' id='line_1_121' title="bbox 2099 513 2505 557; baseline 0.002 -13"><span class='ocrx_word' id='word_1_571' title='bbox 2099 518 2247 557; x_wconf 86' lang='lat' dir='ltr'>gogam</span> <span class='ocrx_word' id='word_1_572' title='bbox 2264 527 2273 537; x_wconf 91' lang='lat'><strong>·</strong></span> <span class='ocrx_word' id='word_1_573' title='bbox 2313 513 2352 545; x_wconf 89' lang='lat' dir='ltr'>et</span> <span class='ocrx_word' id='word_1_574' title='bbox 2372 519 2505 546; x_wconf 87' lang='lat' dir='ltr'>surrex</span> 
     </span>
     <span class='ocr_line' id='line_1_122' title="bbox 2098 569 2567 619; baseline 0.004 -12"><span class='ocrx_word' id='word_1_575' title='bbox 2098 569 2147 607; x_wconf 92' lang='lat' dir='ltr'>sit</span> <span class='ocrx_word' id='word_1_576' title='bbox 2167 569 2295 619; x_wconf 87' lang='lat' dir='ltr'>legere</span> <span class='ocrx_word' id='word_1_577' title='bbox 2311 590 2321 600; x_wconf 92' lang='lat'><strong>·</strong></span> <span class='ocrx_word' id='word_1_578' title='bbox 2361 569 2391 591; x_wconf 85' lang='lat'>¹⁷</span> <span class='ocrx_word' id='word_1_579' title='bbox 2401 576 2440 608; x_wconf 89' lang='lat' dir='ltr'>et</span> <span class='ocrx_word' id='word_1_580' title='bbox 2455 570 2567 610; x_wconf 89' lang='lat' dir='ltr'>datus</span> 
     </span>
     <span class='ocr_line' id='line_1_123' title="bbox 2097 631 2470 683; baseline 0.005 -14"><span class='ocrx_word' id='word_1_581' title='bbox 2097 637 2155 669; x_wconf 90' lang='lat' dir='ltr'>est</span> <span class='ocrx_word' id='word_1_582' title='bbox 2174 631 2227 670; x_wconf 92' lang='lat' dir='ltr'>illi</span> <span class='ocrx_word' id='word_1_583' title='bbox 2246 632 2341 671; x_wconf 93' lang='lat' dir='ltr'>liber</span> <span class='ocrx_word' id='word_1_584' title='bbox 2358 632 2470 683; x_wconf 87' lang='lat' dir='ltr'>profe</span> 
     </span>
    </p>

    <p class='ocr_par' dir='ltr' id='par_1_36' title="bbox 2094 693 2525 932">
     <span class='ocr_line' id='line_1_124' title="bbox 2096 693 2474 734; baseline 0.003 -2"><span class='ocrx_word' id='word_1_585' title='bbox 2096 693 2172 732; x_wconf 88' lang='lat' dir='ltr'>tiae</span> <span class='ocrx_word' id='word_1_586' title='bbox 2191 694 2319 733; x_wconf 88' lang='lat' dir='ltr'>esaiae</span> <span class='ocrx_word' id='word_1_587' title='bbox 2374 701 2412 734; x_wconf 90' lang='lat' dir='ltr'>et</span> <span class='ocrx_word' id='word_1_588' title='bbox 2431 701 2474 733; x_wconf 91' lang='lat' dir='ltr'>ut</span> 
     </span>
     <span class='ocr_line' id='line_1_125' title="bbox 2094 757 2443 795; baseline 0.003 -1"><span class='ocrx_word' id='word_1_589' title='bbox 2094 757 2261 795; x_wconf 91' lang='lat' dir='ltr'>reuoluit</span> <span class='ocrx_word' id='word_1_590' title='bbox 2278 757 2418 795; x_wconf 86' lang='lat' dir='ltr'>librum</span> <span class='ocrx_word' id='word_1_591' title='bbox 2434 778 2443 787; x_wconf 90' lang='lat'><strong>·</strong></span> 
     </span>
     <span class='ocr_line' id='line_1_126' title="bbox 2096 818 2490 858; baseline 0.005 -2"><span class='ocrx_word' id='word_1_592' title='bbox 2096 818 2254 858; x_wconf 86' lang='lat' dir='ltr'>Inuenit</span> <span class='ocrx_word' id='word_1_593' title='bbox 2272 819 2403 858; x_wconf 91' lang='lat' dir='ltr'>locum</span> <span class='ocrx_word' id='word_1_594' title='bbox 2423 819 2490 858; x_wconf 92' lang='lat' dir='ltr'>ubi</span> 
     </span>
     <span class='ocr_line' id='line_1_127' title="bbox 2094 882 2525 932; baseline 0.005 -13"><span class='ocrx_word' id='word_1_595' title='bbox 2094 882 2280 931; x_wconf 89' lang='lat' dir='ltr'>scriptum</span> <span class='ocrx_word' id='word_1_596' title='bbox 2301 888 2382 920; x_wconf 91' lang='lat' dir='ltr'>erat</span> <span class='ocrx_word' id='word_1_597' title='bbox 2418 882 2525 932; x_wconf 71' lang='lat' dir='ltr'>¹⁸sps</span> 
     </span>
    </p>

    <p class='ocr_par' dir='ltr' id='par_1_37' title="bbox 2092 943 2549 1054">
     <span class='ocr_line' id='line_1_128' title="bbox 2094 943 2549 996; baseline 0.007 -15"><span class='ocrx_word' id='word_1_598' title='bbox 2094 973 2104 991; x_wconf 94' lang='lat'>,</span> <span class='ocrx_word' id='word_1_599' title='bbox 2118 943 2185 982; x_wconf 73' lang='lat' dir='ltr'>dni</span> <span class='ocrx_word' id='word_1_600' title='bbox 2205 956 2322 994; x_wconf 90' lang='lat' dir='ltr'>super</span> <span class='ocrx_word' id='word_1_601' title='bbox 2341 956 2404 983; x_wconf 89' lang='lat' dir='ltr'>me</span> <span class='ocrx_word' id='word_1_602' title='bbox 2417 965 2426 974; x_wconf 93' lang='lat'><strong>·</strong></span> <span class='ocrx_word' id='word_1_603' title='bbox 2455 952 2549 996; x_wconf 88' lang='lat' dir='ltr'>pr⁰p</span> 
     </span>
     <span class='ocr_line' id='line_1_129' title="bbox 2092 1007 2471 1054; baseline 0.005 -10"><span class='ocrx_word' id='word_1_604' title='bbox 2092 1035 2102 1054; x_wconf 93' lang='lat'><strong><em>,</em></strong></span> <span class='ocrx_word' id='word_1_605' title='bbox 2116 1012 2219 1045; x_wconf 89' lang='lat' dir='ltr'>terea</span> <span class='ocrx_word' id='word_1_606' title='bbox 2237 1007 2349 1045; x_wconf 85' lang='lat' dir='ltr'>unxit</span> <span class='ocrx_word' id='word_1_607' title='bbox 2366 1019 2430 1046; x_wconf 90' lang='lat' dir='ltr'>me</span> <span class='ocrx_word' id='word_1_608' title='bbox 2449 1019 2471 1046; x_wconf 91' lang='lat' dir='ltr'>e</span> 
     </span>
    </p>

    <p class='ocr_par' dir='ltr' id='par_1_38' title="bbox 2092 1070 2562 1304">
     <span class='ocr_line' id='line_1_130' title="bbox 2094 1070 2530 1121; baseline 0.005 -14"><span class='ocrx_word' id='word_1_609' title='bbox 2094 1097 2104 1116; x_wconf 89' lang='lat'><strong>,</strong></span> <span class='ocrx_word' id='word_1_610' title='bbox 2117 1070 2360 1119; x_wconf 89' lang='lat' dir='ltr'>uangelizare</span> <span class='ocrx_word' id='word_1_611' title='bbox 2380 1070 2530 1121; x_wconf 69' lang='lat' dir='ltr'>pauperi</span> 
     </span>
     <span class='ocr_line' id='line_1_131' title="bbox 2092 1131 2562 1185; baseline 0.004 -15"><span class='ocrx_word' id='word_1_612' title='bbox 2092 1132 2190 1180; x_wconf 89' lang='lat' dir='ltr'>,bus</span> <span class='ocrx_word' id='word_1_613' title='bbox 2204 1153 2213 1162; x_wconf 93' lang='lat'><strong>·</strong></span> <span class='ocrx_word' id='word_1_614' title='bbox 2242 1133 2346 1171; x_wconf 90' lang='lat' dir='ltr'>misit</span> <span class='ocrx_word' id='word_1_615' title='bbox 2365 1145 2428 1171; x_wconf 91' lang='lat' dir='ltr'>me</span> <span class='ocrx_word' id='word_1_616' title='bbox 2456 1131 2562 1185; x_wconf 76' lang='lat' dir='ltr'>1⁹pre</span> 
     </span>
     <span class='ocr_line' id='line_1_132' title="bbox 2099 1195 2488 1245; baseline 0.005 -13"><span class='ocrx_word' id='word_1_617' title='bbox 2099 1195 2246 1242; x_wconf 92' lang='lat' dir='ltr'>,dicare</span> <span class='ocrx_word' id='word_1_618' title='bbox 2266 1196 2428 1245; x_wconf 89' lang='lat' dir='ltr'>captiuis</span> <span class='ocrx_word' id='word_1_619' title='bbox 2446 1208 2488 1234; x_wconf 92' lang='lat' dir='ltr'>re</span> 
     </span>
     <span class='ocr_line' id='line_1_133' title="bbox 2093 1258 2524 1304; baseline 0.007 -9"><span class='ocrx_word' id='word_1_620' title='bbox 2093 1258 2345 1304; x_wconf 90' lang='lat' dir='ltr'>,missionem</span> <span class='ocrx_word' id='word_1_621' title='bbox 2359 1279 2368 1288; x_wconf 94' lang='lat'><strong>·</strong></span> <span class='ocrx_word' id='word_1_622' title='bbox 2398 1265 2436 1297; x_wconf 92' lang='lat' dir='ltr'>et</span> <span class='ocrx_word' id='word_1_623' title='bbox 2455 1271 2524 1298; x_wconf 88' lang='lat' dir='ltr'>cae</span> 
     </span>
    </p>

    <p class='ocr_par' dir='ltr' id='par_1_39' title="bbox 2092 1321 2496 1366">
     <span class='ocr_line' id='line_1_134' title="bbox 2092 1321 2496 1366; baseline 0.005 -8"><span class='ocrx_word' id='word_1_624' title='bbox 2092 1349 2101 1366; x_wconf 93' lang='lat'>,</span> <span class='ocrx_word' id='word_1_625' title='bbox 2115 1321 2171 1359; x_wconf 89' lang='lat' dir='ltr'>cis</span> <span class='ocrx_word' id='word_1_626' title='bbox 2190 1321 2319 1359; x_wconf 91' lang='lat' dir='ltr'>uisum</span> <span class='ocrx_word' id='word_1_627' title='bbox 2332 1341 2341 1351; x_wconf 93' lang='lat'><strong>·</strong></span> <span class='ocrx_word' id='word_1_628' title='bbox 2381 1322 2496 1360; x_wconf 89' lang='lat' dir='ltr'>remit</span> 
     </span>
    </p>

    <p class='ocr_par' dir='ltr' id='par_1_40' title="bbox 2093 1383 2441 1430">
     <span class='ocr_line' id='line_1_135' title="bbox 2093 1383 2441 1430; baseline 0.009 -10"><span class='ocrx_word' id='word_1_629' title='bbox 2093 1413 2102 1430; x_wconf 90' lang='lat'><strong>,</strong></span> <span class='ocrx_word' id='word_1_630' title='bbox 2117 1389 2197 1421; x_wconf 91' lang='lat' dir='ltr'>tere</span> <span class='ocrx_word' id='word_1_631' title='bbox 2217 1383 2441 1423; x_wconf 86' lang='lat' dir='ltr'>confractos</span> 
     </span>
    </p>

    <p class='ocr_par' dir='ltr' id='par_1_41' title="bbox 2091 1445 2463 1493">
     <span class='ocr_line' id='line_1_136' title="bbox 2091 1445 2463 1493; baseline 0.005 -10"><span class='ocrx_word' id='word_1_632' title='bbox 2091 1474 2101 1493; x_wconf 96' lang='lat'><strong>,</strong></span> <span class='ocrx_word' id='word_1_633' title='bbox 2113 1445 2154 1483; x_wconf 90' lang='lat' dir='ltr'>in</span> <span class='ocrx_word' id='word_1_634' title='bbox 2173 1446 2441 1485; x_wconf 89' lang='lat' dir='ltr'>remissionem</span> <span class='ocrx_word' id='word_1_635' title='bbox 2453 1467 2463 1477; x_wconf 92' lang='lat'><strong>·</strong></span> 
     </span>
    </p>

    <p class='ocr_par' dir='ltr' id='par_1_42' title="bbox 2091 1509 2500 1558">
     <span class='ocr_line' id='line_1_137' title="bbox 2091 1509 2500 1558; baseline 0.007 -13"><span class='ocrx_word' id='word_1_636' title='bbox 2091 1538 2100 1556; x_wconf 92' lang='lat'><em>,</em></span> <span class='ocrx_word' id='word_1_637' title='bbox 2112 1509 2335 1558; x_wconf 90' lang='lat' dir='ltr'>praedicare</span> <span class='ocrx_word' id='word_1_638' title='bbox 2352 1521 2500 1548; x_wconf 88' lang='lat' dir='ltr'>annum</span> 
     </span>
    </p>

    <p class='ocr_par' dir='ltr' id='par_1_43' title="bbox 2088 1571 2459 1622">
     <span class='ocr_line' id='line_1_138' title="bbox 2088 1571 2459 1622; baseline 0.005 -13"><span class='ocrx_word' id='word_1_639' title='bbox 2088 1601 2098 1618; x_wconf 92' lang='lat'>,</span> <span class='ocrx_word' id='word_1_640' title='bbox 2112 1571 2178 1609; x_wconf 73' lang='lat' dir='ltr'>dni</span> <span class='ocrx_word' id='word_1_641' title='bbox 2198 1578 2402 1622; x_wconf 90' lang='lat' dir='ltr'>acceptum</span> <span class='ocrx_word' id='word_1_642' title='bbox 2420 1579 2459 1611; x_wconf 87' lang='lat' dir='ltr'>et</span> 
     </span>
    </p>

    <p class='ocr_par' dir='ltr' id='par_1_44' title="bbox 2087 1633 2472 1680">
     <span class='ocr_line' id='line_1_139' title="bbox 2087 1633 2472 1680; baseline 0.008 -9"><span class='ocrx_word' id='word_1_643' title='bbox 2087 1663 2097 1680; x_wconf 93' lang='lat'><strong>,</strong></span> <span class='ocrx_word' id='word_1_644' title='bbox 2111 1633 2213 1672; x_wconf 90' lang='lat' dir='ltr'>diem</span> <span class='ocrx_word' id='word_1_645' title='bbox 2231 1634 2447 1674; x_wconf 67' lang='lat' dir='ltr'>redditionis</span> <span class='ocrx_word' id='word_1_646' title='bbox 2462 1654 2472 1665; x_wconf 90' lang='lat'><strong>·</strong></span> 
     </span>
    </p>
   </div>
   <div class='ocr_carea' id='block_1_25' title="bbox 2083 1719 2575 2952">
    <p class='ocr_par' dir='ltr' id='par_1_45' title="bbox 2088 1719 2575 1823">
     <span class='ocr_line' id='line_1_140' title="bbox 2088 1719 2575 1772; baseline 0.01 -14"><span class='ocrx_word' id='word_1_647' title='bbox 2088 1719 2168 1759; x_wconf 81' lang='lat' dir='ltr'>²⁰Et</span> <span class='ocrx_word' id='word_1_648' title='bbox 2175 1733 2264 1760; x_wconf 87' lang='lat' dir='ltr'>curn</span> <span class='ocrx_word' id='word_1_649' title='bbox 2272 1721 2469 1772; x_wconf 89' lang='lat' dir='ltr'>plicuisset</span> <span class='ocrx_word' id='word_1_650' title='bbox 2475 1722 2575 1762; x_wconf 69' lang='lat' dir='ltr'>libra</span> 
     </span>
     <span class='ocr_line' id='line_1_141' title="bbox 2089 1784 2446 1823; baseline 0.003 -1"><span class='ocrx_word' id='word_1_651' title='bbox 2089 1784 2252 1822; x_wconf 90' lang='lat' dir='ltr'>reddidit</span> <span class='ocrx_word' id='word_1_652' title='bbox 2271 1785 2446 1823; x_wconf 89' lang='lat' dir='ltr'>ministro</span> 
     </span>
    </p>

    <p class='ocr_par' dir='ltr' id='par_1_46' title="bbox 2087 1846 2501 2011">
     <span class='ocr_line' id='line_1_142' title="bbox 2089 1846 2501 1886; baseline 0.005 -2"><span class='ocrx_word' id='word_1_653' title='bbox 2089 1852 2127 1885; x_wconf 89' lang='lat' dir='ltr'>et</span> <span class='ocrx_word' id='word_1_654' title='bbox 2147 1846 2267 1885; x_wconf 90' lang='lat' dir='ltr'>sedit·</span> <span class='ocrx_word' id='word_1_655' title='bbox 2308 1853 2346 1885; x_wconf 90' lang='lat' dir='ltr'>et</span> <span class='ocrx_word' id='word_1_656' title='bbox 2365 1848 2501 1886; x_wconf 69' lang='lat' dir='ltr'>omniu</span> 
     </span>
     <span class='ocr_line' id='line_1_143' title="bbox 2088 1909 2474 1961; baseline 0 -13"><span class='ocrx_word' id='word_1_657' title='bbox 2088 1909 2193 1948; x_wconf 92' lang='lat' dir='ltr'>oculi</span> <span class='ocrx_word' id='word_1_658' title='bbox 2212 1909 2252 1947; x_wconf 90' lang='lat' dir='ltr'>in</span> <span class='ocrx_word' id='word_1_659' title='bbox 2272 1922 2474 1961; x_wconf 89' lang='lat' dir='ltr'>synagoga</span> 
     </span>
     <span class='ocr_line' id='line_1_144' title="bbox 2087 1972 2463 2011; baseline 0.003 -1"><span class='ocrx_word' id='word_1_660' title='bbox 2087 1978 2197 2010; x_wconf 91' lang='lat' dir='ltr'>erant</span> <span class='ocrx_word' id='word_1_661' title='bbox 2215 1972 2463 2011; x_wconf 89' lang='lat' dir='ltr'>intendentes</span> 
     </span>
    </p>

    <p class='ocr_par' dir='ltr' id='par_1_47' title="bbox 2086 2033 2557 2274">
     <span class='ocr_line' id='line_1_145' title="bbox 2087 2033 2557 2086; baseline 0.006 -14"><span class='ocrx_word' id='word_1_662' title='bbox 2087 2034 2128 2072; x_wconf 90' lang='lat' dir='ltr'>in</span> <span class='ocrx_word' id='word_1_663' title='bbox 2147 2046 2238 2072; x_wconf 91' lang='lat' dir='ltr'>eum</span> <span class='ocrx_word' id='word_1_664' title='bbox 2251 2055 2260 2065; x_wconf 90' lang='lat'><strong>·</strong></span> <span class='ocrx_word' id='word_1_665' title='bbox 2307 2033 2335 2054; x_wconf 77' lang='lat'>²²</span> <span class='ocrx_word' id='word_1_666' title='bbox 2349 2034 2488 2086; x_wconf 92' lang='lat' dir='ltr'>Coepit</span> <span class='ocrx_word' id='word_1_667' title='bbox 2506 2046 2557 2075; x_wconf 88' lang='lat' dir='ltr'>au</span> 
     </span>
     <span class='ocr_line' id='line_1_146' title="bbox 2086 2097 2508 2137; baseline 0.007 -3"><span class='ocrx_word' id='word_1_668' title='bbox 2086 2102 2166 2135; x_wconf 91' lang='lat' dir='ltr'>tem</span> <span class='ocrx_word' id='word_1_669' title='bbox 2184 2097 2311 2136; x_wconf 88' lang='lat' dir='ltr'>dicere</span> <span class='ocrx_word' id='word_1_670' title='bbox 2331 2097 2382 2135; x_wconf 92' lang='lat' dir='ltr'>ad</span> <span class='ocrx_word' id='word_1_671' title='bbox 2400 2098 2486 2137; x_wconf 90' lang='lat' dir='ltr'>illos</span> <span class='ocrx_word' id='word_1_672' title='bbox 2498 2118 2508 2128; x_wconf 90' lang='lat'><strong>·</strong></span> 
     </span>
     <span class='ocr_line' id='line_1_147' title="bbox 2087 2160 2490 2211; baseline 0.007 -14"><span class='ocrx_word' id='word_1_673' title='bbox 2087 2160 2175 2211; x_wconf 90' lang='lat' dir='ltr'>quia</span> <span class='ocrx_word' id='word_1_674' title='bbox 2198 2160 2313 2198; x_wconf 92' lang='lat' dir='ltr'>hodie</span> <span class='ocrx_word' id='word_1_675' title='bbox 2331 2160 2490 2211; x_wconf 90' lang='lat' dir='ltr'>impleta</span> 
     </span>
     <span class='ocr_line' id='line_1_148' title="bbox 2086 2222 2473 2274; baseline 0.005 -14"><span class='ocrx_word' id='word_1_676' title='bbox 2086 2229 2145 2261; x_wconf 88' lang='lat' dir='ltr'>est</span> <span class='ocrx_word' id='word_1_677' title='bbox 2166 2222 2264 2261; x_wconf 91' lang='lat' dir='ltr'>haec</span> <span class='ocrx_word' id='word_1_678' title='bbox 2284 2224 2473 2274; x_wconf 87' lang='lat' dir='ltr'>scriptura</span> 
     </span>
    </p>

    <p class='ocr_par' dir='ltr' id='par_1_48' title="bbox 2083 2284 2556 2512">
     <span class='ocr_line' id='line_1_149' title="bbox 2086 2284 2480 2324; baseline 0.005 -2"><span class='ocrx_word' id='word_1_679' title='bbox 2086 2284 2126 2322; x_wconf 92' lang='lat' dir='ltr'>in</span> <span class='ocrx_word' id='word_1_680' title='bbox 2146 2285 2301 2323; x_wconf 89' lang='lat' dir='ltr'>auribus</span> <span class='ocrx_word' id='word_1_681' title='bbox 2321 2286 2457 2324; x_wconf 90' lang='lat' dir='ltr'>uestris</span> <span class='ocrx_word' id='word_1_682' title='bbox 2471 2306 2480 2316; x_wconf 90' lang='lat'>·</span> 
     </span>
     <span class='ocr_line' id='line_1_150' title="bbox 2083 2345 2556 2388; baseline 0.006 -3"><span class='ocrx_word' id='word_1_683' title='bbox 2083 2345 2169 2385; x_wconf 61' lang='lat' dir='ltr'>”Et</span> <span class='ocrx_word' id='word_1_684' title='bbox 2181 2360 2318 2386; x_wconf 90' lang='lat' dir='ltr'>omnes</span> <span class='ocrx_word' id='word_1_685' title='bbox 2331 2348 2556 2388; x_wconf 77' lang='lat' dir='ltr'>testimonifi</span> 
     </span>
     <span class='ocr_line' id='line_1_151' title="bbox 2083 2410 2488 2450; baseline 0.005 -2"><span class='ocrx_word' id='word_1_686' title='bbox 2083 2410 2297 2449; x_wconf 90' lang='lat' dir='ltr'>reddebant</span> <span class='ocrx_word' id='word_1_687' title='bbox 2315 2411 2367 2449; x_wconf 89' lang='lat' dir='ltr'>illi</span> <span class='ocrx_word' id='word_1_688' title='bbox 2383 2432 2392 2441; x_wconf 93' lang='lat'><strong>·</strong></span> <span class='ocrx_word' id='word_1_689' title='bbox 2434 2411 2488 2450; x_wconf 86' lang='lat' dir='ltr'>Et</span> 
     </span>
     <span class='ocr_line' id='line_1_152' title="bbox 2083 2473 2470 2512; baseline 0.003 -1"><span class='ocrx_word' id='word_1_690' title='bbox 2083 2473 2323 2511; x_wconf 89' lang='lat' dir='ltr'>mirabantur</span> <span class='ocrx_word' id='word_1_691' title='bbox 2341 2474 2381 2512; x_wconf 93' lang='lat' dir='ltr'>in</span> <span class='ocrx_word' id='word_1_692' title='bbox 2400 2486 2470 2512; x_wconf 91' lang='lat' dir='ltr'>uer</span> 
     </span>
    </p>

    <p class='ocr_par' dir='ltr' id='par_1_49' title="bbox 2083 2536 2552 2952">
     <span class='ocr_line' id='line_1_153' title="bbox 2084 2536 2498 2587; baseline 0.007 -14"><span class='ocrx_word' id='word_1_693' title='bbox 2084 2536 2143 2574; x_wconf 89' lang='lat' dir='ltr'>bis</span> <span class='ocrx_word' id='word_1_694' title='bbox 2162 2537 2309 2586; x_wconf 89' lang='lat' dir='ltr'>gratiae</span> <span class='ocrx_word' id='word_1_695' title='bbox 2328 2549 2405 2587; x_wconf 91' lang='lat' dir='ltr'>que</span> <span class='ocrx_word' id='word_1_696' title='bbox 2424 2549 2498 2587; x_wconf 91' lang='lat' dir='ltr'>pro</span> 
     </span>
     <span class='ocr_line' id='line_1_154' title="bbox 2084 2598 2485 2651; baseline 0.007 -15"><span class='ocrx_word' id='word_1_697' title='bbox 2084 2599 2276 2636; x_wconf 88' lang='lat' dir='ltr'>cedebant</span> <span class='ocrx_word' id='word_1_698' title='bbox 2290 2598 2338 2637; x_wconf 90' lang='lat' dir='ltr'>de</span> <span class='ocrx_word' id='word_1_699' title='bbox 2358 2611 2425 2639; x_wconf 93' lang='lat' dir='ltr'>ore</span> <span class='ocrx_word' id='word_1_700' title='bbox 2444 2600 2485 2651; x_wconf 92' lang='lat' dir='ltr'>ip</span> 
     </span>
     <span class='ocr_line' id='line_1_155' title="bbox 2084 2661 2444 2701; baseline 0.008 -3"><span class='ocrx_word' id='word_1_701' title='bbox 2084 2661 2163 2699; x_wconf 92' lang='lat' dir='ltr'>sius</span> <span class='ocrx_word' id='word_1_702' title='bbox 2192 2661 2244 2699; x_wconf 88' lang='lat' dir='ltr'>Et</span> <span class='ocrx_word' id='word_1_703' title='bbox 2263 2661 2444 2701; x_wconf 91' lang='lat' dir='ltr'>dicebant</span> 
     </span>
     <span class='ocr_line' id='line_1_156' title="bbox 2085 2724 2497 2765; baseline 0.007 -4"><span class='ocrx_word' id='word_1_704' title='bbox 2085 2736 2218 2763; x_wconf 90' lang='lat' dir='ltr'>nonne</span> <span class='ocrx_word' id='word_1_705' title='bbox 2237 2724 2299 2764; x_wconf 93' lang='lat' dir='ltr'>hic</span> <span class='ocrx_word' id='word_1_706' title='bbox 2319 2731 2378 2764; x_wconf 91' lang='lat' dir='ltr'>est</span> <span class='ocrx_word' id='word_1_707' title='bbox 2396 2725 2497 2765; x_wconf 89' lang='lat' dir='ltr'>filius</span> 
     </span>
     <span class='ocr_line' id='line_1_157' title="bbox 2085 2786 2552 2837; baseline 0.004 -12"><span class='ocrx_word' id='word_1_708' title='bbox 2085 2787 2223 2837; x_wconf 90' lang='lat' dir='ltr'>ioseph</span> <span class='ocrx_word' id='word_1_709' title='bbox 2240 2808 2249 2818; x_wconf 87' lang='lat'><strong>·</strong></span> <span class='ocrx_word' id='word_1_710' title='bbox 2283 2786 2311 2808; x_wconf 80' lang='lat'>²³</span> <span class='ocrx_word' id='word_1_711' title='bbox 2322 2788 2374 2826; x_wconf 91' lang='lat' dir='ltr'>Et</span> <span class='ocrx_word' id='word_1_712' title='bbox 2386 2789 2438 2827; x_wconf 92' lang='lat' dir='ltr'>ait</span> <span class='ocrx_word' id='word_1_713' title='bbox 2453 2789 2552 2827; x_wconf 90' lang='lat' dir='ltr'>illis·</span> 
     </span>
     <span class='ocr_line' id='line_1_158' title="bbox 2084 2850 2512 2900; baseline 0.005 -13"><span class='ocrx_word' id='word_1_714' title='bbox 2084 2850 2241 2900; x_wconf 88' lang='lat' dir='ltr'>utiquae</span> <span class='ocrx_word' id='word_1_715' title='bbox 2262 2850 2396 2889; x_wconf 90' lang='lat' dir='ltr'>dicetis</span> <span class='ocrx_word' id='word_1_716' title='bbox 2415 2851 2512 2889; x_wconf 91' lang='lat' dir='ltr'>mihi</span> 
     </span>
     <span class='ocr_line' id='line_1_159' title="bbox 2083 2912 2451 2952; baseline -0.003 -1"><span class='ocrx_word' id='word_1_717' title='bbox 2083 2912 2183 2952; x_wconf 89' lang='lat' dir='ltr'>hanc</span> <span class='ocrx_word' id='word_1_718' title='bbox 2204 2913 2451 2952; x_wconf 70' lang='lat' dir='ltr'>similitudine</span> 
     </span>
    </p>
   </div>
  </div>
 </body>
</html>
