2872 3268
121 322 205 353 1¹01.
222 322 255 355 7.

286 213 349 245 IV.
367 215 478 254 23-V.
498 210 567 254 25.]

288 323 339 362 Et
357 336 518 363 omnem
538 324 638 362 firmi

288 392 409 425 tatem
428 387 468 425 in
488 387 601 437 plebe
615 403 624 413 ·

288 447 375 487 ²⁴Et
393 449 485 487 abiit
504 449 609 487 fama
627 449 709 487 eius

289 511 330 549 in
349 517 472 549 totam
494 511 641 561 Syriam
655 527 663 535 ·

289 571 341 611 Et
360 573 581 623 optulerunt
600 573 636 610 ei

290 647 430 674 omnes
448 634 548 673 male
568 634 620 672 ha

289 698 426 736 bentes
442 715 450 723 ·
490 697 606 735 uariis

287 759 539 810 languoribus
555 779 563 787 ·

288 828 327 861 et
351 822 552 861 tormentis
572 834 648 860 con

289 884 503 935 prehensos
520 902 527 910 ·
568 890 606 922 et

288 946 543 997 paralyticos·
586 952 625 984 et

288 1008 540 1047 demoniacos
557 1025 565 1034 ·
609 1014 646 1045 et

289 1070 482 1109 lunaticos
501 1077 540 1108 et
559 1082 609 1108 cu

289 1133 388 1172 rauit
410 1145 480 1171 eos
494 1150 502 1158 ·
541 1130 629 1170 ²⁵Et

290 1196 551 1246 sequebantur

289 1273 380 1300 eum
398 1261 532 1299 turbae
552 1260 632 1298 mul

290 1330 351 1362 tae
373 1345 382 1354 ·
418 1323 466 1362 de
486 1322 648 1373 galilea·

290 1392 329 1425 et
347 1385 549 1435 decapoli·
590 1391 627 1423 et
647 1385 696 1423 ab

290 1447 561 1498 hierosolymis
578 1465 585 1473 ·

291 1517 329 1550 et
346 1510 461 1548 iudea
476 1529 484 1539 ·
523 1516 562 1548 et
580 1516 687 1548 trans

292 1573 482 1612 iordanen
496 1589 504 1598 ·
545 1576 582 1610 5.
612 1570 685 1609 ¹Ui

292 1660 390 1700 dens
409 1666 537 1699 autem
555 1666 615 1698 tur

292 1724 364 1763 bas
411 1723 584 1762 ascendit
602 1724 642 1760 in

292 1792 469 1824 montem
485 1804 493 1812 ·
537 1792 576 1823 et
595 1789 644 1823 οῦ

293 1849 480 1888 sedisset·
520 1852 543 1890 †
559 1860 651 1886 acce

294 1903 425 1950 serunt
444 1910 495 1948 ad
513 1922 605 1948 eum

295 1973 472 2023 discipuli
490 1973 572 2011 eius
590 1990 597 1998 ·

293 2033 366 2074 ²Et
387 2035 534 2086 aperuit
553 2046 598 2073 os
619 2039 691 2073 suu

294 2105 332 2138 et
352 2098 518 2137 docebat
536 2109 604 2136 eos

294 2164 428 2203 dicens
445 2183 454 2193 ·
492 2162 624 2201 ⁸Beati

294 2237 486 2277 pauperes
506 2228 579 2275 spu
593 2242 602 2251 ·

294 2292 390 2339 qiim
408 2288 582 2338 ipsorum
601 2293 659 2325 est

293 2363 457 2401 regnum
477 2350 604 2389 celon]
624 2368 631 2375 ·

260 2458 263 2459 ⁷
295 2412 427 2452 ‘Beati
446 2413 511 2463 qui
530 2412 668 2461 lugunt

296 2479 391 2525 qiim
409 2475 482 2525 ipsi
501 2486 624 2514 conso

294 2537 474 2575 labuntur
489 2562 496 2570 -

297 2598 311 2620 ⁵
321 2598 432 2637 Beati
451 2599 646 2637 mansueti
661 2616 668 2625 ·

298 2663 394 2711 qfim
412 2660 488 2711 ipsi
505 2660 614 2711 possi
631 2711 633 2713 Ι

299 2722 446 2761 debunt
464 2729 606 2761 terram

298 2784 427 2823 “Beati
442 2785 508 2835 qui
527 2784 698 2823 esuriunt

299 2853 339 2886 et
357 2847 488 2886 sitiunt
506 2847 690 2886 iustitia--

300 2913 394 2961 qum
414 2910 487 2961 ipsi
507 2916 636 2949 satura

571 2973 712 3012 buntur

1118 204 1207 242 MA
1220 196 1452 243 TTHEU-

792 322 922 363 ⁷Beati
942 323 1139 362 misericor

793 386 861 425 des
881 390 975 436 qfim
995 387 1068 436 ipsi

792 449 1076 487 miserabuntur
1092 465 1100 473 ·

793 510 923 549 ⁸Beati
943 511 1091 549 mundo
1112 523 1180 548 cor

794 573 843 612 de
863 573 1049 623 quoniam
1068 573 1142 623 ipsi

795 636 861 673 dm
881 635 1069 673 uidebunt
1087 653 1094 660 -

794 698 925 736 ⁹Beati
943 697 1095 748 pacifici
1114 701 1208 748 qflm

794 758 847 798 fili
867 760 905 798 di
923 760 1167 799 uocabuntur
1184 778 1191 785 ·

793 822 822 843 ¹⁰
830 822 938 862 Beati
958 823 1024 873 qui
1042 834 1204 873 persecu

792 887 942 924 tionem
965 886 1100 936 patiun

794 955 854 987 tur
874 954 1034 998 propter
1053 948 1111 986 ius

793 1011 917 1049 titiam
934 1028 941 1036 ·
982 1014 1076 1061 qum
1097 1011 1135 1061 ip

795 1086 927 1112 sorum
948 1079 1006 1111 est
1025 1086 1094 1123 reg

795 1148 887 1174 num
910 1136 1107 1174 caelorum
1126 1154 1132 1162 ·

794 1198 938 1238 ¹¹Beati
958 1199 1059 1237 eritis
1080 1210 1169 1236 cum

796 1262 1096 1312 exprobauerint

795 1324 907 1362 uobis
928 1324 1106 1362 homines
1124 1341 1132 1349 -

796 1393 834 1424 et
853 1386 1044 1436 persecuti
1064 1386 1127 1424 fue

795 1450 869 1487 rint
889 1455 926 1486 et
945 1449 1108 1487 dixerint

795 1523 913 1550 omne
928 1512 1090 1550 uerbum

785 1574 943 1617 ,malum
956 1574 1142 1612 aduersus

797 1674 870 1701 uos
892 1662 1125 1701 mentientes

797 1731 954 1775 propter
972 1736 1034 1762 me
1049 1742 1056 1751 ·

796 1785 1010 1827 ¹²Gaudete
1029 1793 1068 1826 et
1086 1788 1214 1826 exulta

797 1857 834 1888 te
852 1868 860 1876 ·
901 1854 1166 1899 qfimercestra

797 1912 920 1951 multa
940 1919 999 1951 est
1017 1913 1057 1950 in
1079 1913 1170 1951 celis
1187 1935 1194 1943 ·

799 1975 863 2014 Sic
882 1975 989 2013 enim
1008 1987 1171 2025 persecu

798 2039 825 2076 ti
849 2045 938 2077 sunt
957 2045 994 2077 et
1014 2037 1126 2088 profe

798 2108 857 2140 tas
876 2101 942 2152 qui
962 2107 1070 2139 erant
1089 2107 1177 2139 ante

798 2175 897 2202 uos·
935 2163 1056 2202 1³U0s
1069 2163 1159 2202 estis

800 2226 856 2265 sal
875 2233 974 2265 terre
990 2243 998 2252 ·
1040 2225 1080 2264 Si
1100 2238 1148 2264 au

798 2295 879 2327 tem
899 2289 955 2328 sal
974 2288 1122 2327 fatuata

802 2351 914 2390 fuerit
968 2351 1008 2389 in
1028 2364 1106 2402 quo
1127 2350 1185 2389 sal

800 2413 912 2452 lietur
960 2414 1010 2452 ad
1030 2413 1151 2453 nihili-1

801 2476 905 2514 ualet
954 2476 1029 2515 nisi
1048 2482 1090 2514 ut
1109 2477 1180 2514 mit

801 2545 901 2577 tatur
919 2538 1043 2577 foras·
1084 2545 1122 2577 et

803 2600 1053 2640 conculcetur
1072 2602 1122 2640 ab

803 2663 1028 2701 hominibus
1044 2683 1052 2692 ·
1069 2685 1124 2692 —

802 2724 832 2746 ¹⁴
840 2725 925 2764 Uos
944 2725 1035 2764 estis
1054 2725 1120 2764 lux
1138 2725 1252 2764 huius

804 2787 940 2826 mundi
956 2804 964 2814 ·
995 2787 1090 2826 Non
1109 2800 1163 2838 po

804 2856 879 2888 test
898 2849 1031 2888 ciuitas
1050 2851 1198 2889 abscon

806 2911 845 2950 di
864 2923 981 2962 supra
999 2918 1160 2952 monte-

1332 323 1461 372 posita
1477 342 1486 352 ·
1529 321 1706 373 ¹⁵Neque

1331 384 1553 422 accendunt
1571 384 1610 422 lu

1331 458 1490 484 cernam
1510 452 1547 484 et
1566 452 1719 496 ponunt

1330 520 1377 546 ea
1397 508 1469 546 sub
1488 508 1624 546 modio
1642 524 1650 533 ·

1334 569 1411 608 Sed
1434 582 1548 620 super
1567 570 1693 609 cande

1331 632 1482 671 labrum
1547 638 1589 670 ut
1608 632 1648 670 lu

1333 701 1416 733 ceat
1435 695 1617 733 omnibus

1332 757 1398 807 qui
1417 758 1457 795 in
1477 757 1597 796 domo
1618 764 1707 796 sunt
1725 775 1733 784 ·

1333 820 1430 858 1‘⁵Sic
1450 820 1576 859 luceat
1595 820 1726 858 lumen

1332 889 1502 922 uestrum
1522 891 1647 922 cora*

1332 945 1555 984 hominibus
1571 964 1578 971 ·
1618 952 1659 984 ut

1332 1007 1489 1046 uideant
1507 1020 1627 1059 opera

1333 1076 1460 1108 uestra
1474 1071 1579 1108 bona
1596 1092 1604 1100 ·

1333 1131 1384 1170 Et
1402 1133 1656 1182 magnificent

1334 1201 1481 1244 patrem
1502 1200 1631 1233 uestri-1

1334 1257 1400 1307 qui
1419 1257 1459 1294 in
1480 1258 1595 1295 caelis
1615 1263 1673 1296 est
1690 1279 1696 1287 ·
1716 1278 1723 1287 ·
1743 1277 1751 1287 ·

1335 1336 1388 1351 m
1435 1336 1489 1353 ΝΛ
1535 1337 1589 1354 s‘*

1303 1379 1321 1400 *
1339 1381 1366 1403 ¹⁷
1375 1381 1507 1420 Nolite
1526 1389 1660 1432 putare

1304 1441 1321 1462 *
1339 1448 1432 1494 qfim
1452 1445 1540 1482 ueni
1560 1445 1620 1483 sol

1303 1504 1321 1525 *
1336 1518 1425 1545 uere
1443 1506 1572 1556 legem

1335 1576 1400 1607 aut
1419 1569 1589 1620 profetas

1338 1657 1431 1696 Non
1451 1658 1541 1696 ueni
1561 1658 1712 1697 soluere

1336 1720 1465 1770 legem
1486 1720 1556 1759 sed
1575 1720 1680 1759 adim

1339 1783 1442 1833 plere
1459 1801 1466 1808 ·
1498 1782 1661 1821 1⁸Amen

1335 1845 1439 1882 enim
1459 1845 1548 1883 dico
1567 1846 1680 1884 uobis

1336 1907 1478 1946 Donec
1498 1914 1670 1946 transeat

1336 1969 1486 2007 caelum
1506 1977 1544 2008 et
1563 1976 1701 2008 terra--

1338 2031 1424 2070 Iota
1442 2044 1564 2070 unum
1579 2033 1642 2070 uel

1337 2106 1436 2133 unus
1457 2107 1583 2145 apaex
1605 2106 1687 2133 non

1337 2157 1511 2195 transibit
1530 2169 1553 2195 a
1571 2157 1657 2207 lege

1337 2221 1464 2259 donec
1483 2220 1618 2259 omnia
1637 2219 1729 2258 fiant
1749 2237 1757 2245 ·

1338 2284 1365 2305 ¹⁹
1380 2283 1461 2330 Qui
1480 2283 1585 2321 enim
1605 2282 1761 2320 soluerit

1336 2357 1459 2384 unum
1482 2345 1530 2384 de
1549 2345 1693 2383 manda

1338 2409 1383 2447 tis
1403 2408 1485 2447 istis
1504 2407 1695 2446 minimis·

1339 2477 1378 2510 et
1397 2470 1572 2510 docuerit
1591 2470 1644 2508 sic

1338 2533 1518 2573 homines
1531 2551 1539 2559 ·
1577 2533 1673 2570 mini

1340 2608 1427 2634 mus
1445 2595 1649 2635 uocabitur

1341 2659 1381 2697 in
1399 2670 1524 2708 regno
1544 2657 1739 2696 caeloru-·

1342 2721 1422 2769 Qui
1441 2728 1571 2760 autem
1589 2721 1721 2760 fecerit

1342 2789 1381 2822 et
1401 2783 1575 2822 docuerit
1636 2783 1700 2822 hic

1343 2857 1510 2896 magnus
1528 2846 1670 2885 uocabi

1343 2914 1404 2947 tur
1415 2908 1455 2948 in
1467 2920 1592 2958 regno
1605 2907 1798 2947 caeloru-·

2277 212 2303 256 5

1837 319 1975 360 ²⁰Dico
1996 328 2125 361 autem
2144 323 2257 362 uobis
2321 327 2403 358 Fol.
2420 327 2456 358 8.

1837 388 1932 435 qum
1952 385 2026 423 nisi
2045 386 2149 423 abun

1838 446 1986 485 dauerit
2000 447 2142 486 iustitia

1836 515 1987 547 uestra·
2027 509 2114 559 plus

1836 583 1953 621 quarn
1974 572 2147 610 scribam-1
2164 588 2171 597 ·

1837 640 1874 672 et
1893 633 2149 683 phariseoru-

1837 696 2065 735 nontrabitis
2083 697 2123 735 in
2142 704 2206 747 reg

1837 770 1932 795 num
1953 759 2149 797 caelorum
2165 777 2173 784 ·

1835 819 1863 840 ²²
1871 821 2042 860 Audistis
2061 823 2152 871 quia
2171 822 2232 861 dic

1836 889 1918 920 tum
1938 890 1996 921 est
2014 884 2182 935 antiquis
2196 902 2204 911 ·

1837 957 1918 983 non
1937 946 2116 985 occides·
2156 948 2223 998 qui

1837 1014 1966 1046 autem
1986 1009 2171 1047 occiderit

1839 1082 1926 1108 reus
1946 1071 2016 1109 erit
2035 1071 2164 1110 iudicii
2182 1089 2189 1097 ·

1838 1130 1962 1182 22Ego
1983 1140 2112 1172 autem
2132 1135 2222 1174 dico
2243 1147 2295 1174 uo

1838 1196 1918 1234 bis·
1961 1197 2068 1246 quod
2087 1198 2216 1236 omnis

1840 1258 1906 1307 qui
1926 1258 2098 1297 irascitur
2116 1259 2172 1297 fra

1839 1321 1886 1358 tri
1906 1333 1977 1359 suo
1998 1322 2080 1359 sine
2099 1334 2217 1360 causa
2234 1339 2241 1347 ·

1840 1394 1928 1420 reus
1948 1383 2019 1421 erit
2038 1383 2167 1422 iudicii
2185 1401 2191 1409 ·

1842 1444 1920 1492 Qui
1939 1452 2067 1483 autem
2088 1446 2223 1484 dixerit

1841 1507 1945 1545 fratri
1965 1519 2034 1546 suo
2049 1507 2186 1547 racha·

1840 1581 1927 1608 reus
1947 1570 2017 1608 erit
2036 1570 2200 1609 concilio
2217 1591 2224 1600 ·

1843 1656 1921 1703 Qui
1941 1664 2068 1696 autem
2089 1657 2246 1697 dixserit

1841 1718 1943 1757 fatue
1983 1731 2072 1758 reus
2091 1720 2161 1758 erit

1841 1781 2019 1831 gehenne
2038 1782 2137 1832 ignis
2153 1799 2161 1808 ·

1842 1842 1917 1883 ²³81
1937 1856 2031 1894 ergo
2052 1844 2191 1884 offeres
2211 1857 2280 1884 mu

1842 1918 1915 1945 nus
1936 1912 2044 1944 tuum
2063 1907 2113 1945 ad
2133 1908 2209 1946 alta

1842 1981 1924 2007 rem
1968 1975 2006 2007 et
2026 1970 2078 2007 ibi
2097 1982 2203 2008 reme

1841 2037 2014 2070 moratus
2033 2031 2147 2070 fueris
2163 2053 2171 2061 ·

1841 2094 1931 2143 quia
1950 2092 2065 2131 frater
2083 2100 2171 2133 tuus

1840 2155 1958 2194 habet
1980 2156 2149 2206 aliquem

1840 2217 2048 2256 aduersum
2066 2225 2104 2256 te
2121 2235 2128 2243 ·

1840 2280 2039 2331 2⁴Re1ique
2058 2281 2109 2319 ibi
2128 2293 2215 2319 mus

1842 2349 1952 2381 tuum
1972 2349 2060 2381 ante
2079 2344 2197 2382 altare
2214 2365 2221 2373 ·
2242 2365 2248 2373 -
2268 2365 2275 2374 ·

1842 2412 1879 2444 et
1898 2406 1999 2444 uade
2019 2406 2123 2456 prius
2142 2419 2184 2445 re

1843 2468 2046 2507 conciliare
2065 2468 2169 2507 fratri

1842 2538 1909 2570 tuo
1928 2547 1935 2556 ·
1979 2537 2017 2569 et
2035 2537 2126 2569 tunc

1843 2593 2006 2631 ueniens
2024 2593 2141 2632 offers

1845 2667 1988 2695 munus
2009 2662 2119 2694 tuum
2132 2672 2140 2681 ·
2156 2672 2165 2681 ·

1844 2716 1977 2757 25Εεῖο
1997 2719 2247 2758 consentiens

1844 2782 2063 2821 aduersario
2082 2788 2150 2820 tuo

1845 2845 1922 2884 cito
1947 2857 2036 2885 cum
2055 2856 2096 2884 es
2117 2856 2208 2883 cum

1809 2907 1911 2947 --illo
1930 2908 1970 2947 in
1988 2908 2052 2947 uia
2069 2925 2076 2933 ·
2118 2919 2167 2945 ne
2187 2906 2248 2945 for

2220 2975 2257 3006 te
