2872 3268
368 340 450 372 13’01.
465 340 542 371 211.

379 1129 413 1161 in
428 1128 553 1171 uigiliis
569 1153 597 1176 1⁸

380 1183 480 1215 pasce

575 206 633 257 46

596 289 698 322 lectio
709 289 852 323 seconda
867 290 909 323 ad
922 291 1045 323 Fontes

574 343 643 380 tibi
663 355 804 393 aquam
823 344 953 382 uiuam
968 364 976 373 ·

575 403 603 425 ¹²
611 403 716 443 Dicit
731 406 784 444 illi
798 406 934 444 mulier
947 406 1023 444 dfie
1033 426 1041 435 ·

553 496 555 498 -
574 479 727 518 nequae
746 468 956 507 hauritorii}

573 529 696 569 habes
743 537 780 570 et
803 538 942 583 puteus

575 593 674 631 altus
694 600 753 631 est
799 593 904 631 unde
923 605 965 632 er

573 667 626 705 go
646 655 766 694 habes
785 667 926 705 aquam
945 656 985 693 ui

573 729 665 755 uam
679 739 688 748 -
732 716 762 738 ¹²
773 718 965 767 numquid

570 785 613 817 tu
632 780 756 818 maior
774 792 816 818 es
835 787 942 830 patre

571 849 705 880 nostro
726 843 839 881 iacob
859 843 924 892 qui

570 905 684 943 nobis
704 904 809 943 dedit
828 909 946 955 puteit

570 966 674 1005 hunc
691 988 701 997 ·
742 973 781 1005 et
799 967 881 1019 ipse
901 979 950 1005 ex
974 979 1023 1006 eo

568 1029 666 1067 bibit
686 1036 723 1068 et
741 1029 807 1067 filii
828 1030 910 1068 eius

570 1098 608 1130 et
622 1104 766 1142 pecora
781 1093 864 1131 eius
878 1101 887 1110 ·
906 1099 915 1108 ·

600 1154 886 1205 Responditihs
895 1161 933 1193 et
941 1155 1038 1194 dixit

569 1217 645 1256 illi·
704 1217 848 1257 Omnis
867 1218 933 1268 qui
951 1218 992 1256 bi

569 1280 635 1318 bet
654 1280 703 1318 de
723 1292 826 1332 aqua
843 1280 916 1318 ista
935 1281 998 1320 siti

569 1349 607 1381 et
626 1342 762 1380 iterum
779 1363 787 1373 ·
829 1355 923 1381 nam

567 1405 635 1455 qui
653 1405 792 1443 biberit
812 1404 860 1444 de
880 1417 982 1455 aqua

566 1480 686 1519 quam
705 1480 780 1518 ego
801 1467 946 1506 dedero
966 1467 1018 1506 illi

567 1543 650 1570 non
663 1530 765 1569 sitiet
779 1530 820 1568 in
832 1537 1035 1569 1181811111--

567 1617 598 1640 ¹⁴
610 1617 688 1657 Sed
707 1631 809 1669 aqua
827 1630 945 1669 quam
965 1618 1014 1656 de

569 1681 663 1721 dero
682 1681 734 1720 illi
753 1681 818 1720 fiet
837 1682 877 1719 in
897 1693 988 1719 eum

1425 201 1721 250 SECUNDU
1729 229 1739 240 ·

1079 339 1154 378 hoc
1173 351 1263 378 uere
1283 339 1413 378 dixisti
1426 361 1435 371 ·

1079 402 1220 440 ¹⁹Dicit
1239 402 1274 440 ei
1294 403 1432 441 mulier
1451 403 1527 442 diie

1077 464 1192 502 uideo
1212 465 1302 514 quia
1325 465 1436 515 profe

1077 533 1116 564 ta
1135 538 1177 564 es
1196 532 1238 564 tu
1279 525 1448 576 ⁹0patres

1076 589 1199 627 nostri
1218 589 1258 626 in
1277 597 1413 628 monte

1078 650 1156 689 hoc
1175 650 1436 690 adorauerunt

1076 711 1128 751 Et
1146 725 1220 751 uos
1239 713 1364 752 dicitis
1383 714 1475 765 quia

1075 775 1115 812 in
1135 775 1365 815 hierusalem
1385 784 1444 816 est

1072 836 1182 876 locus
1200 838 1267 876 ubi
1285 839 1407 879 adora

1072 911 1113 938 re
1132 907 1286 950 oportet
1300 922 1309 931 ·

1072 960 1100 982 ²¹
1109 962 1216 1001 Dicit
1235 963 1288 1001 1111
1309 963 1368 1002 ihs
1387 964 1502 1004 crede

1075 1026 1171 1064 mihi
1191 1026 1328 1065 mulier
1347 1031 1443 1077 qfim

1071 1089 1202 1127 ueniet
1221 1089 1317 1128 hora
1330 1110 1339 1120 ·
1383 1102 1487 1140 quan

1072 1151 1125 1190 do
1145 1164 1272 1203 neque
1292 1152 1332 1190 in
1351 1159 1486 1191 monte

1071 1214 1145 1252 isto
1162 1231 1171 1240 ·
1220 1226 1347 1265 neque
1368 1215 1408 1252 in
1427 1214 1467 1252 hi

1070 1276 1297 1327 erosolymis
1316 1277 1393 1316 ado

1069 1339 1202 1378 rabitis
1222 1346 1372 1391 patrem
1388 1361 1397 1371 ·

1069 1399 1098 1423 ²²
1110 1401 1195 1440 Uos
1215 1402 1383 1441 adoratis
1403 1402 1508 1454 quod

1071 1465 1228 1503 nescitis
1242 1485 1251 1494 ·
1287 1464 1375 1503 Nos
1396 1465 1446 1503 ad

1069 1538 1226 1566 oramus
1245 1527 1352 1578 quod
1373 1528 1428 1566 sci

1070 1627 1157 1655 mus
1171 1636 1180 1646 -
1221 1620 1317 1666 qfim
1337 1615 1439 1654 salus
1458 1628 1506 1654 ex

1069 1678 1216 1717 iudaeis
1235 1685 1293 1717 est
1306 1699 1315 1708 ·
1345 1677 1374 1699 ²⁸
1387 1678 1464 1717 Sed
1475 1691 1522 1717 ue

567 1743 657 1783 sons
672 1756 798 1794 aquae
814 1743 937 1787 salien,
973 1758 1054 1791 finet
1071 1741 1150 1779 niet
1169 1741 1266 1780 hora
1285 1747 1322 1779 et
1341 1753 1448 1780 nunc

567 1807 615 1846 tis
631 1807 671 1844 in
685 1807 806 1845 uitam
820 1810 977 1845 aeterna
993 1809 1034 1849 ·†

564 1869 593 1891 ¹⁵
599 1869 706 1908 Dicit
717 1868 767 1908 ad
779 1881 868 1907 eum
880 1869 1032 1907 mulier·

565 1931 642 1970 dfie
661 1932 712 1970 da
731 1931 826 1969 mihi
846 1931 895 1970 de
913 1943 1016 1982 aqua

564 1993 637 2033 hac
657 2000 698 2032 ut
718 2006 801 2032 non
820 1994 948 2032 sitiam

564 2069 691 2107 neque
710 2057 869 2096 ueniam
888 2056 964 2095 huc

564 2119 716 2158 haurire
729 2140 738 2149 ·
780 2118 809 2140 ¹⁶
822 2119 914 2158 dicit
932 2119 985 2157 illi

565 2182 624 2221 ihs
642 2182 741 2220 uade
762 2193 862 2220 uoca
880 2182 965 2220 uirfi

564 2251 674 2283 tuum
693 2251 732 2283 et
749 2244 841 2282 ueni
859 2243 935 2282 huc
948 2264 957 2273 ·

565 2307 595 2328 ¹⁷
609 2306 828 2358 Respondit
846 2306 982 2344 mulier

564 2370 698 2409 dicens
717 2381 799 2408 non
818 2368 946 2407 habeo

564 2433 689 2470 uirum
705 2453 714 2462 ·
754 2431 860 2470 Dicit
879 2430 931 2468 illi

565 2494 625 2532 ihs
641 2515 649 2524 ·
690 2494 789 2532 bene
809 2493 938 2531 dixisti

565 2557 656 2606 quia
674 2557 799 2594 uirum
819 2567 901 2594 non
919 2554 970 2594 ha

562 2619 638 2656 beo
655 2639 664 2648 -
707 2618 735 2639 ¹⁸
748 2618 918 2668 quinque
937 2622 1002 2656 eni

562 2680 667 2718 uiros
687 2680 825 2718 abuisti
840 2700 848 2710 ·
890 2686 929 2719 et

563 2753 666 2780 nunc
686 2754 801 2791 quem
820 2742 940 2781 habes

563 2815 644 2842 non
663 2810 720 2842 est
737 2804 794 2842 uir
811 2810 897 2843 tuus

1068 1809 1126 1842 est
1141 1815 1231 1842 curn
1249 1804 1331 1842 ueri
1350 1804 1471 1843 adora

1068 1872 1170 1905 tores
1189 1866 1406 1906 adorabunt

1067 1935 1217 1979 patrem
1236 1929 1277 1967 in
1296 1933 1369 1979 spu
1388 1935 1426 1967 et
1439 1941 1489 1969 ue

1067 1992 1175 2030 ritate
1192 2012 1201 2022 ·
1247 1991 1352 2030 Nam
1372 1998 1410 2030 et
1427 2004 1479 2042 pa

1065 2060 1122 2093 ter
1141 2054 1235 2093 tales
1254 2060 1411 2104 quaeret

1065 2117 1131 2166 qui
1151 2117 1314 2156 adorent
1333 2128 1423 2155 eum
1436 2136 1446 2146 ·

1065 2177 1093 2198 ²⁴
1103 2182 1168 2228 sps
1185 2186 1243 2217 est
1257 2179 1301 2216 ds
1315 2199 1323 2208 ·
1345 2178 1396 2216 Et
1405 2178 1471 2228 qui
1483 2178 1533 2216 ad

1067 2247 1179 2279 orant
1198 2241 1305 2279 illurn
1320 2261 1328 2271 ·
1370 2253 1469 2290 opor

1067 2309 1121 2341 tet
1141 2303 1226 2341 illos
1246 2303 1285 2340 in
1306 2306 1379 2352 spu
1398 2308 1435 2340 et
1453 2315 1502 2341 ue

1066 2366 1176 2403 ritate
1196 2365 1358 2403 adorare
1374 2385 1384 2394 ·

1065 2426 1206 2466 ²⁶Dicit
1218 2427 1269 2465 illi
1281 2427 1417 2465 mulier
1431 2427 1512 2465 scio

1065 2494 1160 2540 qflm
1179 2489 1339 2528 messias
1358 2488 1464 2527 uenit

1066 2553 1133 2603 qui
1152 2552 1290 2591 dicitur
1309 2555 1382 2601 xps
1396 2572 1405 2581 ·
1429 2551 1531 2590 Cum

1063 2615 1214 2654 uenerit
1233 2615 1315 2665 ipse
1335 2614 1467 2652 adnun

1063 2678 1174 2716 tiabit
1192 2677 1306 2715 nobis
1326 2676 1459 2714 omnia
1474 2697 1483 2706 ·

1065 2739 1199 2779 ²⁶Dicit
1211 2739 1329 2778 illiihs
1344 2751 1420 2789 ego
1427 2751 1513 2777 sum

1061 2803 1128 2854 qui
1147 2810 1276 2843 tecum
1294 2802 1433 2853 loquor

1610 339 1640 362 ²⁷
1652 340 1702 380 Et
1721 341 1907 381 continuo
1927 353 2042 393 super

1609 409 1799 442 uenerunt
1818 404 1969 454 discipu

1609 465 1635 504 li
1654 466 1737 504 eius
1752 485 1760 495 ·
1802 466 1854 505 Et
1874 467 2023 507 admira

1608 527 1748 566 bantur
1766 529 1857 580 quia
1875 542 1965 568 cum

1607 590 1767 629 muliere
1823 591 1939 643 loque

1607 652 1720 691 batur
1735 674 1744 683 ·
1775 665 1894 693 nemo
1913 661 1953 693 ta

1606 727 1698 753 men
1718 715 1814 754 dixit
1831 716 1924 767 quid
1943 729 2020 767 que

1606 777 1657 816 ris
1704 784 1769 816 aut
1783 779 1876 829 quid
1894 779 1981 830 1qu

1606 839 1658 878 ris
1682 852 1775 878 cum
1795 841 1880 880 illa·
1911 840 2056 883 †²⁸reli

1605 902 1688 952 quit
1707 915 1801 953 ergo
1819 903 1954 942 mulier

1604 965 1804 1003 uasculum
1823 978 1934 1004 suum
1948 987 1958 997 ·

1604 1033 1643 1064 et
1662 1027 1755 1065 abiit
1775 1028 1817 1066 in
1836 1028 2034 1067 ciuitate-·

1604 1095 1642 1127 et
1661 1089 1754 1128 dicit
1772 1090 1995 1130 hominibus
2012 1112 2021 1122 ·

1603 1150 1631 1172 ²⁹
1644 1151 1785 1191 Uenite
1803 1153 1933 1192 uidete
1953 1153 2062 1192 homi

1603 1226 1695 1253 nem
1716 1215 1851 1253 omnia
1871 1228 1970 1266 quae
1990 1216 2025 1255 fe

1603 1277 1638 1315 ci
1658 1277 1755 1316 dixit
1775 1277 1869 1315 mihi
1922 1291 2018 1316 num

1602 1340 1694 1389 quid
1714 1340 1776 1378 ille
1797 1347 1855 1379 est
1875 1344 1949 1391 xps
1966 1362 1974 1372 ·

1605 1401 1822 1441 ⁸⁰Exierunt
1834 1403 1962 1454 itaque
1975 1403 2023 1442 de
2038 1404 2074 1442 ci

1605 1464 1721 1503 uitate
1741 1471 1779 1502 et
1797 1466 2006 1504 ueniebant

1605 1527 1655 1565 ad
1668 1539 1759 1565 eum
1775 1548 1783 1557 ·
1796 1549 1803 1557 ·
1820 1526 1849 1548 ⁸¹
1859 1528 1965 1566 Inter
1978 1527 2074 1586 haec

1605 1619 1734 1651 autem
1753 1615 1947 1664 rogabant

1605 1687 1695 1714 eum
1714 1676 1892 1727 discipuli
1911 1677 1969 1716 sui

1606 1738 1779 1776 dicentes
1835 1740 1945 1778 rabbi

1605 1801 1800 1840 manduca
1815 1822 1824 1831 ·
1868 1800 1897 1823 ⁸²
1909 1808 1946 1841 et
1966 1802 2060 1842 dixit

1605 1863 1675 1901 illis
1695 1875 1771 1913 ego
1791 1864 1921 1903 cibum
1940 1865 1992 1904 ha

1604 1926 1679 1965 beo
1699 1926 1805 1976 quod
1824 1927 1972 1965 mandu

1590 2000 1689 2027 care
1710 2001 1826 2039 quem
1844 2001 1916 2028 UOS
1936 2002 2018 2029 non

1602 2051 1723 2089 nostis
1737 2071 1746 2081 ·
1786 2051 1815 2072 ³³
1827 2052 2007 2091 dicebant

1602 2119 1732 2152 autern
1752 2113 1928 2164 discipuli
1947 2116 2029 2155 eius

1602 2176 1701 2213 inter
1721 2188 1762 2214 se
1817 2189 1867 2215 ne
1887 2177 2022 2228 aliquis

1603 2238 1740 2276 attullit
1760 2238 1812 2276 illi
1831 2241 1980 2278 mandu

1602 2312 1690 2338 care
1706 2321 1716 2330 ·
1759 2300 1788 2321 ³⁴
1804 2300 1908 2339 Dicit
1927 2302 2001 2342 illis

1601 2361 1660 2399 ihs
1715 2374 1804 2400 mea
1823 2370 1881 2400 est
1901 2376 1992 2403 esca

1601 2430 1644 2462 ut
1664 2423 1802 2462 faciam
1821 2425 1983 2465 uolunta

1600 2493 1679 2525 tem
1699 2487 1780 2525 eius
1800 2487 1865 2537 qui
1884 2500 1948 2527 me
1967 2489 2022 2527 mi

1601 2549 1648 2587 sit
1667 2555 1705 2588 et
1724 2549 1923 2599 perficiam
1942 2563 1967 2590 o

1600 2623 1674 2662 pus
1694 2612 1775 2650 eius
1791 2633 1800 2642 ·
1817 2633 1828 2643 ·
1870 2613 1899 2634 ³⁵
1911 2613 2057 2654 Nonne

1599 2686 1672 2713 uos
1692 2674 1815 2713 dicitis
1835 2676 1926 2726 quia
1946 2677 1996 2717 ad

1599 2736 1675 2775 huc
1695 2737 1945 2788 quadrimens

1600 2805 1655 2839 tre
1676 2805 1734 2838 est
1754 2806 1791 2839 et
1811 2801 1948 2840 messis
1965 2814 2015 2842 ue

1926 2864 1983 2903 nit

2363 219 2438 262 [lv.
2459 232 2582 264 10-42.

2112 342 2218 382 Ecce
2238 343 2325 383 dico
2343 345 2457 384 uobis
2513 346 2550 385 le
2610 351 2693 383 1'01.
2708 351 2788 386 m.

2111 411 2200 444 uate
2220 407 2356 445 oculos
2376 400 2521 448 uestros

2110 474 2149 506 et
2168 468 2345 519 inspicite
2363 471 2472 521 regio

2111 541 2181 568 nes
2201 531 2292 581 quia
2310 532 2420 571 albae
2440 540 2531 573 sunt

2110 593 2160 631 ad
2179 605 2349 632 messem
2366 615 2375 625 ·
2415 595 2561 636 ⁸⁸nunc

2109 655 2174 705 qui
2193 661 2310 694 metet
2328 668 2457 696 meree

2109 717 2201 755 dem
2221 718 2363 769 accipit
2380 725 2419 758 et
2438 720 2502 759 col

2108 779 2190 829 ligit
2208 779 2374 819 fructum
2393 782 2432 820 in
2446 783 2484 820 ui

2108 847 2187 880 tarn
2208 849 2406 882 aeternam
2422 865 2432 875 ·
2475 852 2518 884 ut

2108 910 2147 942 et
2166 905 2231 954 qui
2251 906 2416 945 seminat
2434 908 2517 959 pari

2109 972 2166 1004 ter
2185 967 2353 1017 gaudeat
2407 976 2446 1008 et
2469 971 2535 1021 qui

2108 1035 2226 1067 metet
2239 1051 2247 1060 -
2292 1030 2323 1052 ³⁷
2335 1031 2383 1069 In
2403 1031 2480 1072 hoc
2499 1037 2567 1072 eni

2108 1097 2166 1129 est
2184 1093 2348 1131 uerbum
2367 1095 2448 1132 ueri

2106 1153 2194 1192 tatis
2209 1174 2218 1184 ·
2263 1159 2359 1205 qfim
2378 1156 2475 1196 alius

2108 1222 2165 1254 est
2184 1216 2249 1266 qui
2268 1218 2434 1257 seminat
2450 1226 2489 1258 et

2106 1277 2201 1316 alius
2221 1279 2286 1330 qui
2305 1286 2424 1319 metet
2437 1301 2446 1311 ·

2107 1339 2224 1389 ⁸⁸Ego
2237 1341 2403 1381 misiuos
2410 1349 2559 1383 metere

2108 1402 2215 1452 quod
2235 1415 2317 1441 non
2336 1416 2407 1443 uos
2426 1405 2518 1445 labo

2108 1465 2219 1503 rastis
2236 1485 2245 1495 ·
2290 1466 2368 1505 Alii
2386 1467 2477 1507 labo

2107 1534 2288 1566 rauerunt
2336 1534 2374 1568 et
2393 1542 2466 1569 uos

2106 1616 2147 1655 in
2167 1617 2362 1659 laboribus
2381 1627 2510 1659 eoru-

2107 1679 2291 1720 introistis
2304 1702 2314 1712 ·

2107 1741 2199 1781 ³⁹De
2208 1743 2364 1783 ciuitate
2372 1751 2501 1784 autem
2509 1746 2577 1788 illa

2107 1805 2216 1843 multi
2235 1806 2480 1847 erediderunt

2106 1867 2146 1904 in
2166 1880 2255 1906 eum
2275 1870 2510 1910 samaritano

2106 1941 2191 1967 rum
2211 1938 2370 1981 propter
2392 1944 2460 1970 uer

2105 1992 2199 2030 bum
2219 1994 2388 2033 mulieris
2407 2007 2507 2046 quae

2103 2056 2366 2095 testimonium
2385 2057 2471 2097 dice

2104 2118 2172 2156 bat
2217 2119 2307 2168 quia
2327 2119 2423 2158 dixit
2436 2120 2531 2161 mihi

2105 2181 2238 2219 omnia
2257 2194 2357 2232 quae
2377 2182 2452 2221 feci
2465 2204 2475 2214 ·

2104 2242 2189 2281 ⁴⁰Et
2204 2255 2292 2282 cum
2307 2246 2506 2295 uenissent
2519 2246 2572 2286 ad

2103 2317 2194 2343 eum
2213 2307 2434 2345 samaritani

2103 2376 2340 2418 rogauerunt
2358 2382 2447 2408 eum
2467 2377 2511 2410 ut

2103 2430 2156 2468 ibi
2174 2438 2371 2470 maneret·
2405 2433 2458 2472 Et
2476 2446 2574 2473 man

2104 2493 2152 2530 sit
2163 2493 2214 2532 ibi
2226 2494 2346 2533 biduo
2362 2517 2371 2526 ·
2388 2495 2416 2517 ⁴¹
2424 2496 2476 2535 Et
2488 2498 2568 2536 111111

2103 2555 2130 2594 11
2150 2556 2394 2597 crediderunt
2414 2567 2509 2611 prop

2103 2624 2160 2657 ter
2178 2620 2340 2658 uerbum
2360 2622 2443 2660 eius
2457 2643 2467 2653 ·

2101 2679 2324 2721 ⁴²Dicebant
2335 2690 2464 2723 autem
2476 2686 2571 2726 muli

2102 2745 2168 2782 eri·
2212 2744 2378 2796 quiaiam
2397 2760 2479 2788 non

2103 2811 2263 2856 propter
2281 2811 2390 2845 tuum
2409 2819 2471 2848 ser
