2872 3268
615 233 669 280 72

371 348 587 382 1¹01.240A.
610 340 712 392 puli·
753 339 911 392 nauigio
929 352 956 379 u

611 409 701 443 runt
717 423 726 434 -
769 416 852 442 non
870 416 893 442 e

610 472 693 504 erat
712 466 831 517 longe

612 527 690 567 Sed
710 529 820 579 quasi
838 541 888 568 cu

611 590 788 630 docentis

610 659 670 692 tes
688 654 759 692 reti

610 715 624 737 ⁹
638 715 693 754 Ut
711 727 806 766 ergo

610 784 671 817 ate

609 853 629 879 r

707 1630 754 1658 ce
773 1628 869 1659 oues
888 1629 995 1659 meas
1012 1639 1021 1651 ·

721 1680 750 1702 ¹⁸
762 1694 879 1720 amen
899 1682 988 1721 dico
1007 1681 1078 1722 tibi

717 1753 805 1782 eras
825 1744 976 1784 iuuenis
993 1766 1002 1775 -

744 1808 898 1857 ngebas
916 1813 954 1846 te
970 1828 980 1838 ·
1021 1813 1060 1847 et

1487 222 1736 265 SECUND
1750 245 1760 257 ·
1846 222 1849 227 “
2371 229 2480 272 [xm.
2497 233 2575 267 8-1.
2591 243 2622 276 4·

1652 336 1827 376 recubuit
1844 336 1883 375 in
1902 349 2001 376 cena

1654 411 1771 450 supra
1789 405 1923 450 pectus
1942 399 2042 438 illius

1653 460 1706 500 Et
1726 461 1821 500 dixit
1840 461 1917 501 dfie
1937 461 2023 513 quis
2043 467 2102 501 est

1654 524 1719 575 qui
1739 524 1867 574 prodit
1885 531 1923 564 te
1937 545 1946 555 ·
1963 545 1973 555 ·

1653 584 1682 608 ²¹
1696 585 1817 626 Hunc
1836 599 1932 638 ergo
1951 593 1994 625 ut
2011 586 2107 627 uidit

1652 654 1783 698 petrus
1838 649 1929 688 dicit
1947 649 1999 689 ad
2223 670 2530 713 SECUNDUM
2543 696 2552 706 ,
2639 660 2720 694 1¹01.
2739 661 2799 693 82.

1653 710 1734 749 ihm
1755 711 1831 751 dfie
1851 733 1859 742 ·
1882 712 1946 751 hic
1965 716 2054 752 aute

1653 773 1768 824 quid·
1807 771 1838 794 ²²
1849 774 1941 813 dicit
1959 774 2012 813 illi
2138 773 2450 816 IOHANNEM
2468 776 2576 816 EXP
2604 776 2624 832 5

1652 835 1712 874 ihs
1732 835 1764 874 si
1783 836 1890 874 illum
1908 837 2000 876 uolo

1652 910 1852 938 remanere
1871 899 1966 939 dum
2306 879 2469 920 AMEN

1652 961 1771 1000 uenio
1791 962 1885 1013 quid
1904 962 1954 1001 ad
1974 969 2011 1003 te

1650 1029 1693 1062 tu
1711 1036 1775 1063 me
1795 1037 1958 1076 sequere
1973 1047 1982 1056 ·

1651 1085 1824 1126 ²³Exiuit
1844 1100 1938 1138 ergo
1958 1088 2020 1128 hic
2040 1101 2103 1129 ser

1650 1160 1718 1187 mo
1737 1149 1835 1188 inter
1853 1150 1987 1190 fratres
2001 1172 2010 1182 ·

2155 568 2625 590 mmmmm

2155 1018 2623 1039 mms‘vwm

2181 1121 2300 1162 INCI
2329 1123 2421 1162 PIT
2442 1146 2450 1156 -
2474 1124 2537 1164 SE
2558 1147 2566 1156 .
2585 1147 2594 1158 .

1651 1212 1758 1262 quod
1778 1212 1988 1263 discipulus
2044 1224 2123 1269 ᾗ,
2195 1225 2310 1266 CUN
2339 1227 2466 1267 DUM
2470 1250 2580 1260 .....

1649 1273 1711 1313 ille
1730 1286 1811 1313 non
1829 1276 2011 1315 moritur·

1649 1337 1701 1376 Et
1719 1349 1801 1376 non
1820 1338 1916 1377 dixit
1934 1339 1986 1377 illi
2005 1339 2063 1378 ihs
2226 1331 2299 1370 LV
2319 1332 2438 1373 KAN
2453 1356 2566 1368 ·····

1650 1411 1732 1438 non
1751 1401 1930 1439 morietur
1942 1421 1952 1432 ·
1995 1401 2074 1441 Sed

1650 1462 1683 1501 si
1701 1462 1806 1501 illurn
1826 1464 1918 1502 uolo
1938 1477 2046 1503 rema
2169 1464 2321 1504 initium
2341 1468 2538 1520 euangelii

1649 1537 1741 1564 nere
1760 1525 1888 1566 donec
1908 1527 2056 1565 uenia*
2197 1528 2303 1568 sec'd
2321 1529 2458 1570 Lucan

1649 1613 1743 1664 quid
1759 1613 1810 1652 ad
1824 1619 1860 1653 te
1877 1635 1886 1646 ·
1907 1612 1936 1636 ²⁴
1951 1615 2031 1655 Hic
2046 1615 2135 1655 est*
2148 1620 2181 1656 1.
2210 1616 2224 1638 ¹
2238 1617 2440 1666 Quoniam
2459 1619 2624 1672 quidem.

1649 1676 1860 1727 discipulus
1881 1678 1948 1729 qui
1968 1685 2025 1717 tes
2120 1678 2139 1700 *
2152 1681 2262 1719 multi
2282 1683 2412 1721 conati
2432 1689 2524 1722 sunt

1649 1740 1815 1778 tificatur
1834 1741 1882 1779 de
1902 1741 1962 1780 his
1978 1763 1986 1772 ·
2119 1741 2139 1764 *¹
2152 1744 2331 1783 ordinare
2351 1758 2465 1786 narra

1649 1809 1688 1841 et
1707 1803 1774 1854 qui
1794 1804 1945 1854 scripsit
1964 1804 2060 1844 haec
2118 1804 2298 1846 *tionem
2316 1821 2446 1848 rerum

770 1869 841 1908 bas
860 1870 925 1908 ubi
944 1882 996 1909 uo

824 1943 892 1970 um
911 1935 999 1971 aute

844 1995 1031 2034 extendes

880 2063 919 2096 et
938 2058 988 2096 ali

933 2125 972 2158 et

1649 1872 1687 1904 et
1707 1866 1851 1905 scimus
1870 1867 1961 1917 quia
1980 1879 2029 1905 ue

1647 1941 1734 1967 rum
1754 1935 1811 1967 est
1831 1929 2027 1968 testimoni

1647 2003 1716 2030 um
1735 1991 1834 2030 illius
1850 2012 1859 2022 ·
1901 1989 1930 2012 ²⁵
1943 1998 2033 2031 sunt
2091 2000 2094 2003 '

1648 2060 1779 2093 autem
1799 2061 1836 2093 et
1855 2054 1928 2093 alia
1947 2054 2028 2093 mul

1648 2123 1688 2156 ta
1707 2129 1806 2168 quae
1826 2117 1916 2156 fecit
1934 2116 1994 2156 ihs
2011 2139 2020 2147 ·

1648 2191 1748 2231 quae
1768 2179 1800 2217 si
1819 2179 2037 2218 scribantur

1646 2254 1716 2293 per
1735 2242 1887 2292 singula
1906 2254 1978 2280 nec
1998 2254 2025 2279 u

1649 2316 1736 2342 sum
1755 2304 1920 2342 aestimo
1940 2315 2035 2353 poss

1648 2378 1788 2415 capere
1807 2365 1998 2404 mundum

1648 2429 1715 2480 qui
1737 2428 1957 2467 scribuntur

1695 2507 1749 2526 m
1767 2491 1854 2529 libri
1874 2507 1928 2526 m

2121 1867 2141 1890 *
2153 1880 2254 1921 quae
2273 1871 2314 1909 in
2334 1872 2448 1911 nobis
2468 1885 2547 1912 con

2120 1929 2139 1952 *
2151 1932 2254 1983 pieta
2275 1940 2364 1973 sunt
2377 1955 2386 1965 ·
2416 1933 2431 1955 ²
2442 1936 2543 1975 sicut

2152 1997 2390 2036 tradiderunt
2409 1998 2522 2037 nobis
2536 2019 2544 2030 ·

2153 2059 2220 2109 qui
2239 2060 2289 2097 ab
2307 2059 2417 2098 initio
2436 2061 2510 2112 ipsi
2528 2061 2569 2100 ui

2153 2121 2292 2160 derunt
2311 2129 2349 2161 et
2368 2124 2483 2163 minis

2151 2184 2198 2222 tri
2218 2184 2369 2224 fuerunt
2386 2187 2496 2225 uerbi
2512 2207 2521 2217 ·

2152 2246 2166 2267 ⁸
2178 2246 2326 2285 Placuit
2345 2255 2382 2286 et
2401 2249 2496 2286 mihi
2516 2255 2554 2288 et

2152 2309 2302 2359 spiritui
2322 2315 2390 2349 sco
2410 2311 2460 2349 ad
2480 2323 2522 2350 se

2152 2377 2244 2409 cuto
2264 2384 2286 2410 a
2305 2373 2497 2423 principio
2513 2395 2523 2405 ·

2152 2435 2337 2473 omnibus
2357 2436 2502 2487 diligen

2152 2502 2209 2535 ter
2255 2509 2303 2535 ex
2323 2498 2458 2537 ordine
2477 2499 2547 2538 tibi

2153 2559 2318 2598 scribere
2338 2561 2485 2611 optime

2151 2622 2350 2673 theophile
2367 2644 2376 2653 -
2405 2623 2420 2644 ⁴
2431 2630 2473 2662 ut
2492 2637 2571 2676 cog

2153 2697 2296 2724 noscas
2315 2698 2452 2725 eorum
2471 2699 2540 2725 uer

2153 2748 2295 2786 borum
2315 2749 2364 2787 de
2383 2750 2524 2800 quibus

2153 2811 2324 2850 eruditus
2344 2824 2386 2852 es
2405 2812 2566 2852 ueritate
