2872 3268
313 185 413 218 xm.
435 182 563 226 7-35·]
1214 176 1439 216 MARC··
2259 192 2333 236 131

1377 302 1469 345 post
1488 295 1585 335 haec
1602 317 1610 326 ·
1641 293 1671 317 ²⁰
1681 295 1732 335 Et
1751 296 1826 335 nisi
1876 297 2028 347 angulis
2067 298 2117 337 ab
2136 298 2270 338 ultimo

1378 358 1451 398 dfis
1466 359 1677 398 breuiasset
1874 365 1996 398 terrae
2014 372 2139 411 usque
2159 362 2208 399 ad

1376 420 1457 460 dies
1476 428 1635 472 propter
1649 422 1729 461 elec

95 293 179 326 ποι.
194 295 277 328 192.
308 290 360 330 Et
379 293 487 344 opini

306 368 402 394 ones
421 357 662 407 proelioru-

303 430 354 456 ne
373 419 594 458 timueritis·
637 432 662 458 o

814 294 879 333 filii
899 294 939 332 in
959 301 1139 345 parentes

813 363 851 395 et
871 357 985 396 morti
1005 357 1186 396 adficient

811 431 901 459 eos·
918 441 926 450 ·
955 418 985 440 ¹³
998 419 1049 458 Et
1067 420 1163 459 eritis
1183 419 1273 459 odio
1874 423 2083 461 terminum
2103 423 2198 462 caeli
2219 445 2227 454 ·

2352 306 2435 338 ποι.
2451 307 2532 338 193.
2596 343 2598 345 ‚

302 487 430 531 portet
449 482 552 520 enim
572 482 621 520 fie

300 543 332 580 ri
352 543 420 582 sed
440 544 616 582 nondum
635 545 661 582 fi

301 606 362 644 nis
378 627 387 636 ·
405 628 413 636 ·
433 628 441 637 ·
471 606 691 657 ⁸Exsurget

260 702 264 707 .
300 676 430 708 autem
449 682 546 719 gens
566 670 617 708 ad

298 743 432 770 uersus
452 739 611 782 gentem

298 800 336 832 et
354 807 518 845 regnum
534 807 649 845 super

296 869 463 907 regnum
483 879 491 887 ·
533 863 571 896 et
589 864 701 896 erunt

296 926 419 958 terrae
438 927 566 958 motus
586 932 655 970 per

295 981 384 1020 loca
399 1003 408 1012 ·
438 990 476 1021 et
495 989 606 1021 erunt
626 982 664 1021 fa

295 1055 380 1083 mes
396 1065 405 1075 ·
449 1050 488 1083 et
509 1044 655 1083 turbele
672 1066 681 1075 ·

294 1106 446 1145 initium
465 1107 604 1146 dolori-1

294 1168 392 1208 haec
409 1191 418 1200 ·
448 1170 462 1191 ⁹
475 1169 615 1208 Uidete
634 1181 708 1208 uos

294 1231 400 1282 ipsos
443 1232 597 1271 tradent

294 1295 401 1333 enim
419 1307 493 1334 uos
514 1296 556 1333 in
577 1306 655 1333 con

295 1357 390 1396 ciliis
406 1378 414 1388 ·
457 1363 495 1396 et
513 1358 553 1395 in
573 1369 670 1407 syna

294 1420 407 1470 gogis
425 1420 607 1470 uapulabi

293 1482 342 1521 tis
358 1503 366 1512 ·
407 1481 458 1520 Et
478 1490 566 1521 ante
585 1496 626 1522 re

293 1581 364 1620 ges
383 1576 421 1608 et
439 1571 638 1620 praesides

293 1633 442 1672 stabitis
461 1640 620 1684 propter

293 1707 357 1733 me
376 1695 416 1733 in
434 1697 656 1735 testimonii-1

293 1758 367 1797 illis
382 1780 391 1788 ·
421 1758 451 1780 ²⁰
465 1758 515 1797 Et
534 1760 574 1797 in
594 1772 733 1799 omnes

293 1826 430 1871 gentes
452 1828 608 1872 oportet
627 1823 686 1873 pri

293 1883 403 1922 nium
421 1879 609 1934 predicari

293 1946 538 1996 euangelium
551 1968 560 1977 ·
576 1969 584 1977 ·
599 1969 654 1975 —

292 2006 322 2029 ¹1
335 2007 436 2047 Cum
455 2015 585 2047 autem
599 2009 748 2060 perdux

293 2071 392 2109 erint
410 2083 483 2110 uos
502 2072 639 2111 traden

291 2138 350 2172 tes
389 2134 507 2172 nolite
527 2135 656 2185 cogita

291 2208 333 2234 re
375 2197 468 2247 quid
487 2197 689 2247 loquimini

292 2258 362 2297 sed
380 2259 487 2309 quod
506 2259 640 2298 datum
659 2260 700 2298 fu

293 2322 364 2360 erit
381 2322 493 2360 uobis
512 2322 552 2360 in
572 2322 636 2361 illa

292 2383 389 2422 hora
407 2384 447 2422 id
465 2384 666 2434 loquimini
679 2406 688 2415 -

293 2445 389 2484 Non
408 2446 513 2483 enirn
532 2447 634 2484 eritis
653 2458 726 2485 uos

291 2507 494 2557 loquentes
514 2508 584 2546 sed
603 2512 670 2558 sps

294 2574 380 2608 scs·
412 2567 440 2589 ¹²
451 2569 573 2608 tradet
592 2573 681 2608 aute

294 2632 409 2669 frater
428 2631 583 2669 fratrem

293 2695 335 2733 in
354 2699 520 2732 mortem
534 2715 542 2723 ·
583 2698 622 2731 et
640 2698 749 2743 pater

295 2756 415 2796 filium
428 2777 436 2786 ·
477 2755 528 2794 Et
547 2762 706 2805 surgent

810 483 991 521 omnibus
1007 482 1155 521 homini

808 544 880 583 bus
920 551 1077 595 propter
1097 557 1151 584 no

806 618 898 645 men
917 619 1049 645 meum
1062 629 1070 637 ·
1111 608 1177 658 qui

805 676 935 708 autem
954 682 1158 720 perseuera

803 732 900 770 uerit
919 733 959 770 in
978 733 1097 771 finem
1115 732 1176 772 hic

802 795 931 833 saluus
950 795 1020 833 erit
1035 813 1090 827 m

769 858 788 879 *
802 857 832 878 ¹⁴
845 856 946 895 Cum
965 865 1095 896 autem
1113 858 1203 897 uide

767 914 880 958 *ritis
921 919 1132 959 abhomina

767 980 949 1021 *tionem
969 983 1131 1021 desolati

764 1042 783 1065 *
798 1045 884 1082 onis
904 1051 1071 1083 stantem
1089 1045 1155 1084 ubi

800 1119 882 1146 non
902 1114 1055 1157 oportet
1071 1129 1079 1138 ·
1124 1109 1223 1159 quod

799 1169 944 1208 dictum
963 1177 1022 1208 est
1061 1183 1130 1220 per

799 1231 928 1270 daniel
947 1232 1136 1282 profetam
1150 1255 1158 1263 ·

798 1294 864 1343 qui
883 1294 975 1344 legit
994 1295 1189 1346 intellegat

799 1355 913 1395 Tunc
922 1357 985 1407 qui
997 1357 1038 1395 in
1049 1358 1162 1396 iudea
1169 1366 1257 1397 sunt

797 1418 945 1469 fugiant
965 1421 1005 1458 in
1028 1421 1224 1460 montibus

795 1480 825 1502 ¹⁵
837 1481 888 1520 Et
903 1482 967 1532 qui
982 1494 1097 1533 super
1111 1489 1255 1521 tectum

796 1581 844 1607 ne
865 1569 1075 1608 descendat

795 1632 835 1670 in
855 1631 1017 1671 domum
1037 1645 1109 1672 nec
1129 1634 1169 1671 in

795 1701 918 1733 troeat
958 1702 1000 1733 ut
1019 1695 1127 1734 tollat

795 1757 939 1807 aliquid
959 1758 1007 1796 de
1027 1759 1148 1797 domo
1167 1771 1236 1798 sua

795 1819 823 1840 ¹⁶
835 1819 885 1857 Et
905 1820 971 1870 qui
991 1820 1031 1858 in
1054 1833 1149 1871 agro
1169 1834 1250 1860 non

794 1889 1002 1921 reuertatur
1021 1890 1124 1922 retro

795 1945 929 1983 tollere
948 1945 1140 1984 uestimen

793 2014 876 2045 tum
897 2020 1011 2046 suum
1023 2028 1053 2037 -
1080 2008 1108 2029 ¹⁷
1120 2008 1205 2047 Uae

794 2076 923 2108 autem
942 2071 1145 2120 pregnanti

792 2132 865 2170 bus
885 2138 922 2170 et
941 2133 1165 2171 nutrientibs
1180 2153 1188 2164 ·

791 2195 832 2232 in
851 2195 923 2233 illis
943 2195 1077 2234 diebus
1091 2216 1100 2226 ·
1113 2218 1141 2224 —-

791 2257 819 2278 ¹⁸
833 2257 951 2297 Orate
965 2255 1094 2296 autem
1107 2265 1148 2297 ut
1163 2271 1245 2298 non

791 2319 918 2358 hieme
939 2320 1035 2359 haec
1056 2321 1149 2359 fiant
1166 2342 1174 2351 ·

791 2382 820 2404 ¹⁹
832 2382 955 2421 Erunt
973 2383 1078 2420 enim
1097 2383 1231 2422 diebus

791 2445 863 2483 illis
883 2444 1148 2484 tribulationes

740 2514 748 2525 ‘
792 2507 886 2545 tales
932 2507 1064 2557 quales
1082 2519 1163 2546 non

793 2568 946 2606 suerunt
965 2570 1014 2606 ab
1034 2569 1142 2607 initio

793 2637 986 2668 creaturae
1025 2643 1072 2668 ex
1093 2643 1171 2680 quo

793 2693 926 2731 condit
945 2692 989 2730 ds
1027 2705 1148 2742 usque

792 2754 935 2794 modo·
978 2766 1104 2805 neque
1124 2761 1235 2794 erunt

1292 488 1352 520 tos
1374 494 1466 522 suos
1506 497 1588 523 non
1606 484 1711 523 fieret

1372 546 1478 585 salua
1498 548 1626 586 omnis
1646 560 1736 586 caro

1373 607 1450 647 Sed
1468 616 1627 660 propter
1648 610 1730 650 elec

1370 677 1430 709 tos
1449 684 1548 722 quos
1569 673 1684 723 elegit

1369 734 1557 773 breuiabit
1575 736 1656 774 dies
1670 757 1678 765 ·
1708 734 1735 757 ²1
1747 734 1799 774 Et

1369 802 1460 834 tune
1482 797 1514 834 si
1533 798 1618 847 quis
1638 798 1752 837 uobis

1368 857 1506 897 dixerit
1544 859 1649 899 Ecce
1669 861 1732 899 hic
1803 861 1844 898 in

1367 923 1442 969 xps
1485 928 1549 960 aut
1569 935 1661 961 ecce
1680 923 1756 962 illic

1366 983 1484 1022 nolite
1500 985 1656 1024 credere

1365 1042 1394 1064 ²²
1406 1045 1607 1097 Exurgent
1626 1047 1732 1086 enim

1365 1108 1586 1158 pseodoxpi
1629 1117 1666 1148 et
1686 1122 1781 1160 speo

1365 1169 1588 1220 doprofetae
1628 1171 1680 1210 Et
1699 1173 1749 1211 da

1363 1233 1461 1270 bunt
1480 1233 1590 1283 signa
1609 1241 1647 1273 et
1666 1247 1738 1286 pro

1363 1294 1466 1344 digia
1505 1296 1554 1333 ad
1575 1297 1742 1335 seducen

1362 1356 1456 1394 dum
1500 1358 1539 1396 Si
1555 1359 1635 1397 fieri
1651 1372 1704 1410 po

1360 1425 1434 1457 test
1447 1420 1563 1458 etiam
1583 1421 1663 1460 elec

1358 1487 1420 1521 tos
1434 1503 1442 1512 ·
1462 1503 1469 1512 ·
1500 1482 1528 1503 ²³
1540 1482 1625 1521 Uos
1644 1490 1772 1523 autern

1359 1569 1488 1608 uidete
1506 1591 1514 1600 ·
1544 1582 1637 1609 ecce
1656 1585 1725 1622 pre

1361 1632 1439 1670 dixi
1458 1633 1572 1671 uobis
1592 1634 1725 1672 omnia

1359 1694 1389 1716 ²⁴
1402 1694 1479 1733 Sed
1498 1695 1538 1733 in
1555 1695 1625 1734 illis
1645 1697 1780 1736 diebus

1359 1764 1448 1808 post
1470 1758 1714 1798 tribulatione

1359 1819 1463 1858 illam
1480 1841 1488 1850 ·
1536 1820 1603 1859 Sol
1624 1822 1792 1860 obscura

1358 1882 1458 1920 bitur
1472 1903 1480 1912 ·
1525 1882 1576 1921 Et
1595 1883 1686 1921 luna
1705 1896 1787 1922 non

1358 1945 1464 1983 dabit
1484 1945 1730 1995 splendorem

1358 2018 1472 2044 suum
1487 2028 1495 2037 ·
1526 2005 1555 2028 ²⁵
1570 2007 1621 2046 Et
1640 2008 1758 2047 stillae

1357 2081 1457 2119 quae
1477 2076 1566 2107 sunt
1585 2070 1625 2107 in
1645 2070 1754 2109 caelo

1356 2138 1467 2170 erunt
1486 2132 1708 2171 decidentes
1726 2154 1733 2164 ·

1355 2193 1407 2231 Et
1425 2194 1584 2233 uirtutes
1603 2194 1785 2234 caelestes

1355 2257 1616 2294 mouebuntur
1628 2279 1683 2284 —

1355 2317 1383 2339 ²⁶
1394 2318 1445 2356 Et
1463 2326 1555 2357 tunc
1573 2319 1758 2358 uidebunt
1780 2321 1806 2359 fi

1354 2381 1447 2419 lium
1466 2380 1635 2420 hominis
1652 2383 1744 2421 ueni

1354 2450 1485 2481 entem
1504 2455 1595 2481 cum
1614 2445 1754 2483 nubibr
1772 2466 1780 2476 ·

1353 2517 1444 2544 cum
1463 2505 1601 2544 uirtute
1621 2507 1740 2545 multa

1353 2574 1391 2606 et
1409 2568 1532 2617 gloria
1546 2589 1554 2598 ·
1586 2566 1614 2589 ²⁷
1629 2568 1679 2606 Et
1698 2575 1790 2608 tunc

1353 2630 1478 2668 mittet
1495 2630 1654 2679 angelos
1672 2630 1723 2670 Et

1352 2692 1605 2742 congregabit
1622 2692 1703 2732 elec

1352 2760 1421 2793 tos
1442 2765 1537 2792 suos
1559 2765 1581 2792 a
1603 2761 1786 2805 quattuor

1873 482 1900 505 ²⁸
1912 485 1950 523 A
1969 486 2047 524 ficu
2065 492 2196 525 autem
2216 487 2312 526 disci

1872 553 1911 586 te
1931 549 2156 598 parabolam
2173 570 2182 579 ·
2224 554 2274 588 esi

1870 609 1949 648 iam
1968 623 2098 650 ramus
2117 612 2198 650 eius
2217 618 2254 651 te

1870 684 1940 710 ner
1959 672 2070 711 fuerit
2084 695 2092 704 ·
2134 681 2172 712 et
2190 680 2282 713 nata

1869 734 2008 774 fuerint
2027 736 2067 774 in
2087 749 2133 775 ea
2151 736 2242 775 folia
2256 759 2264 768 ·

1868 796 2114 848 Cognoscitis
2134 799 2242 850 quod

1868 861 2049 910 proximo
2066 862 2114 899 sit
2129 869 2254 900 aestas
2268 883 2277 893 ·

1867 920 1896 943 ²⁹
1910 922 1974 961 Sic
1993 930 2031 962 et
2045 936 2119 962 uos
2132 937 2224 962 cum
2243 925 2333 964 uide

1866 985 1946 1023 ritis
1965 985 2062 1025 haec
2082 987 2214 1025 omnia
2234 988 2284 1027 fie

1866 1048 1898 1086 ri
1919 1069 1928 1078 ·
1959 1049 2095 1087 scitote
2138 1050 2246 1100 quod
2265 1051 2306 1088 in

1865 1111 2044 1160 proximo
2063 1118 2122 1150 est
2141 1113 2181 1150 in
2200 1119 2285 1152 oste

1863 1172 1896 1211 is
1913 1194 1921 1202 ·
1951 1172 1981 1194 ³⁰
1992 1185 2107 1212 amen
2119 1174 2206 1213 dico
2219 1176 2331 1215 uobis

1864 1239 1959 1285 qfim
1978 1247 2061 1274 non
2079 1237 2239 1276 transiet

1862 1299 2061 1347 generatio
2081 1298 2154 1338 hec
2194 1299 2247 1338 do

1862 1371 1936 1398 nec
1955 1360 2088 1399 omnia
2105 1361 2178 1399 ista
2198 1362 2292 1401 fiant
2305 1384 2314 1394 ·

1861 1420 1888 1441 ³²
1903 1421 2065 1460 Caelum
2085 1430 2122 1462 et
2134 1430 2232 1463 terra
2244 1431 2329 1464 tran

1861 1484 1990 1522 sibunt
2028 1486 2148 1524 uerba
2166 1490 2256 1526 aute

1860 1583 1949 1610 mea
1968 1584 2050 1610 non
2068 1574 2282 1613 transibunt
2298 1596 2306 1606 ·

1860 1632 1889 1654 ⁸²
1900 1633 1961 1672 De
1982 1635 2042 1672 die
2061 1642 2190 1674 autem
2209 1636 2273 1675 illa
2287 1643 2326 1676 et

1860 1695 1955 1735 hora
1974 1709 2091 1736 nemo
2111 1699 2181 1737 scit

1861 1757 2023 1810 Nequae
2036 1761 2162 1810 angeli
2181 1761 2221 1800 in
2241 1773 2311 1800 cae

1859 1820 1897 1858 lo
1937 1833 2090 1871 nequae
2110 1823 2210 1862 filius

1859 1883 1931 1921 nisi
1950 1891 2058 1933 pater
2072 1905 2080 1914 ·
2109 1884 2137 1905 ³⁸
2149 1885 2251 1924 Uide

1857 1951 1895 1983 te
1915 1957 2008 1995 ergo
2049 1946 2206 1996 uigilate

1858 2014 1896 2046 et
1915 2014 2022 2047 orate
2062 2010 2204 2048 nesctis

1858 2070 1963 2108 enim
1983 2071 2142 2120 quando
2161 2076 2198 2110 te

1857 2145 1930 2182 pus
1949 2133 1997 2171 sit
2014 2154 2022 2163 ·
2052 2133 2081 2154 ⁸⁴
2095 2134 2194 2172 sicut
2213 2135 2266 2174 ho

1857 2207 1924 2233 mo
1943 2207 2103 2245 peregre
2123 2209 2194 2246 pro

1855 2256 2000 2296 fectus·
2040 2258 2136 2296 relin

1854 2331 1978 2369 quens
1998 2319 2160 2358 domum
2181 2333 2227 2360 su

1853 2394 1918 2420 am
1935 2403 1943 2412 ·
1987 2383 2078 2420 data
2099 2384 2221 2421 seruis

1853 2444 1932 2483 suis
1951 2451 2141 2494 potestate

1853 2507 2062 2556 cuiusquae
2081 2509 2210 2558 operis
2223 2529 2234 2540 ·

1852 2568 1903 2607 Et
1922 2569 2078 2607 ostiario
2098 2582 2191 2619 prae

1851 2631 1967 2681 cipiat
1986 2637 2028 2669 ut
2045 2632 2178 2682 uigilet
2189 2653 2200 2664 ·

1851 2694 1880 2715 ³⁵
1893 2694 2057 2744 Uigilate
2076 2706 2171 2744 ergo
2213 2708 2264 2735 ne

1849 2757 1954 2796 scitis
1972 2756 2076 2795 enim
2095 2758 2253 2808 quando

2032 2833 2050 2861 s
2073 2835 2092 2860 2
