2872 3268
282 203 392 236 XXII.
408 200 692 245 27-XX111.31.]

97 315 182 347 13'01.
201 315 264 347 60.
281 311 456 350 omnium
475 310 615 349 defunc

269 379 321 415 ,ta
339 380 397 412 est
416 380 454 412 et
472 373 607 411 mulier
621 393 630 402 ·

280 433 310 456 ²⁸
322 435 362 473 in
381 435 607 474 resurrectio

281 511 331 536 ne
351 510 444 548 ergo
464 498 572 536 cuius
590 494 660 536 erit

281 560 330 599 de
350 567 456 611 septe
475 571 573 599 uxor
588 581 598 590 ·

282 621 433 662 Omnes
451 622 556 660 enim
575 621 680 660 habu

279 691 392 723 erunt
410 696 498 723 eam
513 705 522 714 -
565 683 594 705 ²⁹
607 684 688 722 Res

279 746 458 797 pondens
477 753 608 785 autem

278 809 339 848 ihs
357 810 433 847 ait·
463 821 568 848 erras

215 874 263 913 tis
282 872 497 911 nescientes

278 935 490 985 scripturas
510 946 559 972 ne

277 1008 354 1047 que
372 996 553 1034 uirtutem
573 995 612 1034 di
629 1017 638 1026 ·

277 1058 308 1080 ⁸⁰
318 1058 367 1097 In
385 1058 666 1097 resurrectione

277 1121 382 1160 enim
395 1141 408 1161 ·,
434 1132 559 1170 neque

278 1185 431 1222 nubunt
449 1195 575 1234 neque

277 1258 419 1286 uxores
437 1245 585 1284 ducunt
602 1267 611 1276 -

279 1308 357 1348 Sed
378 1315 467 1347 sunt
487 1309 585 1347 sicut
604 1321 655 1347 an

279 1371 357 1422 geli
374 1371 415 1409 in
434 1370 543 1410 caelo
557 1400 565 1409 .

278 1433 306 1456 ⁸¹
319 1433 381 1472 De
400 1433 676 1472 resurrectione

281 1502 411 1535 autem
429 1499 630 1534 mortuorfi

279 1596 361 1623 non
378 1583 522 1634 legistis
542 1582 642 1633 quod

279 1645 426 1684 dictum
445 1652 503 1684 est
522 1646 635 1684 uobis

280 1720 304 1747 a
327 1708 379 1746 d6
399 1708 552 1747 dicente
566 1729 575 1738 ·
605 1706 635 1728 ⁸²
646 1720 721 1758 ego

280 1783 368 1810 sum
388 1770 433 1809 ds
452 1770 640 1810 abraham

278 1840 316 1872 et
336 1834 381 1872 ds
399 1833 502 1871 isaac
522 1840 560 1871 et
579 1832 624 1871 ds

277 1896 391 1935 iacob
408 1916 417 1926 -
433 1917 441 1926 ·
458 1917 467 1926 ·
499 1895 593 1934 Non
612 1901 669 1933 est
689 1894 734 1933 ds

278 1964 519 1997 mortuorum
539 1957 607 1996 sed

277 2020 489 2059 uiuentium
503 2041 511 2050 ·
541 2020 570 2041 ⁸³
582 2026 619 2058 et
639 2032 689 2059 au

278 2083 427 2121 dientes
446 2083 580 2121 turbae

278 2146 516 2184 mirabantur
535 2146 575 2183 in

278 2208 496 2247 doctrinam
515 2208 597 2246 eius
610 2229 676 2237 ·—

279 2270 308 2292 ⁸⁴
320 2270 491 2308 Pharisei
510 2277 640 2309 autem
660 2282 710 2308 au

278 2332 427 2371 dientes
473 2332 579 2383 quod
599 2333 630 2370 si

278 2395 439 2434 lentium
457 2395 627 2445 inposuit

280 2457 482 2496 sadduceis
496 2478 504 2487 ·
537 2470 615 2496 con

279 2525 468 2557 uenerunt
485 2519 526 2556 in
543 2526 669 2557 unu*-

280 2581 311 2602 ⁸⁶
322 2581 373 2619 Et
391 2572 642 2631 interrogauit

281 2655 372 2681 eum
390 2655 490 2681 unus
510 2654 559 2680 ex
578 2643 650 2681 illis

280 2705 375 2755 legis
394 2705 531 2744 doctor
544 2724 553 2735 ·
590 2711 670 2743 tem

281 2774 369 2806 tans
388 2779 479 2805 eum
497 2772 535 2805 et
554 2766 686 2806 dicens

1092 194 1182 234 MA
1194 193 1460 233 TTHEUM
1471 212 1481 224 ·

783 307 811 329 ⁸⁶
826 306 1013 358 Magister
1033 307 1139 358 quod

783 376 842 408 est
859 370 1088 409 mandatum

783 444 973 482 magnum
991 433 1031 470 in
1050 433 1136 482 lege

783 495 814 516 ³⁷
825 495 892 533 Ihs
912 501 1042 533 autem
1058 495 1153 533 dixit
1171 494 1206 532 ei
1222 515 1231 524 ·

783 557 918 607 diliges
937 556 1033 595 dnm
1053 556 1121 596 dm

782 626 893 658 tuum
911 619 952 657 in
970 625 1052 658 toto
1071 631 1140 658 cor

784 682 832 720 de
851 688 919 721 tuo
938 688 976 720 et
993 682 1034 720 in
1053 688 1134 721 tota

783 744 914 783 anima
932 750 999 783 tua
1017 751 1056 782 et
1075 750 1155 783 tota

784 812 966 845 menente
985 813 1052 845 tua
1068 827 1077 836 ·

783 869 812 891 ³⁸
825 869 917 908 Hoc
938 876 996 908 est
1014 870 1182 920 primum
1201 874 1239 907 et

784 933 998 971 maximum
1017 932 1164 970 manda

782 1001 866 1034 tum
884 1016 892 1025 ·
910 1016 919 1025 ·
950 995 979 1017 ⁸⁹
993 994 1178 1033 Secundi-1

783 1064 913 1096 autem
933 1058 1055 1095 simile
1075 1063 1132 1095 est

734 1119 823 1158 huic
839 1140 848 1150 ·
879 1120 1027 1170 Diliges
1045 1120 1157 1170 proxi

783 1194 892 1220 mum
911 1189 1021 1221 tuum
1042 1183 1138 1220 sicut

782 1251 820 1283 te
839 1245 966 1295 ipsum
981 1266 989 1274 ·
1033 1244 1062 1265 ⁴⁰
1074 1245 1113 1281 in
1133 1244 1192 1283 his

783 1307 936 1346 duobus
956 1307 1102 1345 manda

783 1371 833 1409 tis
852 1370 1032 1409 uniuersa
1051 1369 1113 1408 lex

783 1433 927 1483 pendet
946 1439 984 1471 et
1002 1432 1110 1482 profe

784 1503 845 1534 tae
862 1516 870 1525 -
913 1494 942 1517 ⁴¹
954 1494 1212 1545 Congregatis

784 1588 914 1620 autem
933 1581 1078 1620 fariseis
1097 1582 1137 1619 in

783 1644 991 1695 terrogauit
1010 1656 1077 1683 eos
1096 1644 1155 1682 ihs

783 1705 812 1727 ⁴²
824 1707 959 1745 dicens
976 1727 984 1737 ·
1019 1707 1113 1756 quid
1133 1719 1184 1746 uo

783 1769 842 1807 bis
862 1769 1010 1807 uidetur
1029 1769 1077 1807 de
1097 1782 1178 1820 xpo

783 1832 890 1871 cuius
911 1832 1009 1870 filius
1028 1838 1086 1869 est
1102 1853 1111 1862 ·

783 1893 929 1932 Dicunt
942 1894 978 1932 ei
993 1893 1098 1932 dauit
1111 1915 1120 1924 ·
1136 1894 1164 1915 ⁴⁸
1171 1894 1224 1932 ait

781 1956 855 1995 illis
870 1977 879 1986 ·
910 1957 1109 2006 quomodo

782 2031 876 2069 ergo
895 2018 1012 2057 dauid
1030 2019 1071 2056 in
1091 2031 1164 2069 spu
1181 2041 1189 2050 ·

783 2082 879 2120 dr‘im
897 2094 988 2120 eum
1006 2089 1122 2120 uocat
1141 2082 1179 2120 di

784 2156 878 2184 cens
894 2165 903 2174 ·
946 2144 975 2165 ⁴⁴
991 2144 1100 2182 Dixit
1119 2145 1192 2183 dfis

784 2208 864 2246 dfio
883 2219 972 2246 meo
993 2207 1085 2245 sede
1106 2207 1156 2245 ad

784 2270 961 2309 dextram
980 2282 1111 2308 meam
1127 2291 1136 2300 ·

784 2332 910 2372 donec
930 2345 1078 2382 ponam
1098 2332 1152 2370 ini

784 2395 907 2434 micos
927 2402 1014 2433 tuos
1034 2395 1106 2432 sub
1127 2406 1176 2444 pe

784 2457 897 2496 dibus
915 2458 989 2495 tuis
1002 2478 1011 2487 ·
1054 2457 1084 2479 ⁴⁵
1098 2456 1138 2495 Si
1157 2470 1198 2495 er

784 2532 837 2570 go
857 2519 976 2558 dauid
994 2526 1112 2558 uocat
1132 2523 1182 2558 εὖ

785 2582 881 2620 dfim
897 2603 905 2612 ·
936 2581 1139 2632 quomodo

786 2644 884 2682 filius
902 2644 983 2682 eius
1002 2649 1060 2681 est
1075 2663 1084 2673 ·
1113 2643 1142 2664 ⁴⁶
1153 2650 1191 2682 et

786 2718 904 2745 nemo
923 2711 1074 2756 poterat
1093 2717 1154 2744 res

786 2767 956 2818 pondere
976 2767 1010 2805 ei
1029 2767 1183 2805 uerbu-

1320 306 1459 357 Neque
1479 319 1593 346 ausus
1613 314 1670 346 est

1320 370 1526 420 quisquam
1544 383 1593 408 ex
1612 370 1638 408 il

1318 431 1356 470 la
1376 432 1472 471 hora
1491 433 1634 472 interro

1320 506 1413 543 gare
1432 507 1523 533 eum
1543 494 1662 545 ampli

1320 568 1365 594 us
1381 577 1390 586 ·
1407 577 1414 586 ·
1431 577 1439 586 ·
1480 561 1546 596 23.
1567 555 1580 577 ²
1594 558 1710 596 Tunc
1731 557 1790 596 ihs

1320 618 1472 658 locutus
1491 626 1550 658 est
1569 619 1618 658 ad
1638 626 1698 658 tur

1321 682 1391 720 bas
1410 688 1448 720 et
1467 682 1516 720 ad
1537 682 1688 733 discipu

1321 743 1380 782 los
1400 756 1490 783 suos
1509 741 1524 764 ²
1536 744 1669 783 dicens
1683 765 1692 775 ·

1324 806 1447 856 Super
1468 807 1652 845 cathedra

1321 869 1447 919 moysi
1496 868 1685 908 Sederunt

1322 933 1469 970 scribae
1489 938 1527 970 et
1545 931 1671 970 farisei
1687 953 1696 962 ·

1321 994 1335 1015 ³
1348 994 1491 1034 Omnia
1511 1007 1604 1045 ergo
1624 998 1751 1045 queefi

1321 1069 1398 1107 que
1418 1056 1581 1095 dixerint
1599 1069 1652 1095 uo

1321 1120 1380 1158 bis
1400 1131 1553 1158 seruare
1574 1131 1634 1158 ser

1320 1188 1407 1220 uate
1427 1189 1466 1220 et
1483 1181 1595 1221 facite

1323 1244 1546 1283 Secundum
1565 1244 1667 1283 facta

1320 1319 1413 1345 uero
1434 1319 1568 1346 eorum
1589 1319 1641 1345 no

1320 1369 1383 1407 lite
1403 1369 1528 1408 facere
1545 1390 1553 1399 -
1584 1369 1623 1407 di

1320 1438 1413 1470 eunt
1432 1439 1470 1470 et
1489 1443 1571 1470 non
1590 1431 1664 1469 faci

1319 1501 1390 1533 unt
1405 1515 1414 1525 ·
1444 1494 1642 1545 *Alligant

1320 1591 1448 1623 autem
1468 1584 1615 1623 honera
1634 1596 1703 1634 gra

1318 1647 1383 1684 uia
1402 1653 1440 1685 et
1458 1646 1703 1696 inportabilia
1717 1667 1725 1676 ·

1319 1715 1357 1746 et
1376 1709 1566 1758 inponunt
1586 1720 1699 1758 super

1319 1771 1500 1809 humerus
1519 1770 1681 1809 homini-1
1698 1788 1705 1796 ·

1318 1833 1451 1883 Digito
1470 1839 1598 1871 autem
1618 1845 1688 1872 suo
1707 1844 1760 1871 no

1318 1896 1402 1934 lunt
1421 1907 1577 1935 mouere
1597 1908 1643 1934 ea
1656 1916 1723 1925 ·—

1318 1958 1332 1979 ⁵
1345 1958 1491 1998 Omnia
1510 1964 1638 1996 autem
1659 1970 1735 2008 ope

1318 2034 1361 2059 ra
1381 2033 1450 2059 sua
1468 2021 1613 2059 faciunt
1629 2042 1637 2051 ·
1659 2028 1701 2060 ut

1319 2083 1522 2121 uideantur
1541 2084 1591 2121 ab
1609 2082 1662 2122 ho
1789 2081 1807 2103 *

1320 2146 1487 2183 minibus
1504 2166 1512 2175 ·
1543 2145 1715 2184 Dilatant
1791 2144 1810 2165 *

1791 2205 1810 2227 *
1825 2207 1987 2246 fetarum
2001 2227 2010 2236 ·
2039 2213 2077 2245 et
2095 2218 2139 2244 or

1320 2208 1425 2246 enim
1446 2208 1629 2247 filacteria

1322 2283 1391 2309 sua
1404 2291 1413 2301 ·
1443 2278 1482 2309 et
1501 2271 1662 2321 magnifi

1321 2340 1413 2372 cant
1432 2334 1612 2372 fimbreas

1322 2397 1644 2435 uestimentorum

1322 2471 1482 2499 suorum
1498 2480 1507 2489 ·
1552 2459 1565 2480 ⁶
1577 2459 1723 2498 Amant

1323 2528 1452 2560 autem
1470 2521 1639 2572 primum

1322 2584 1538 2623 recubitum
1557 2585 1598 2623 in
1618 2596 1694 2623 con

1323 2644 1435 2685 uiuiis
1451 2667 1460 2677 ·
1489 2653 1528 2685 et
1546 2647 1691 2696 primas

1323 2708 1525 2748 cathedras
1544 2709 1558 2731 ⁷
1571 2709 1612 2746 in
1631 2721 1728 2758 syna

1323 2771 1437 2821 gogis
1450 2792 1459 2801 ·
1489 2777 1527 2810 et
1547 2771 1725 2810 salutatio

1668 2845 1739 2872 nes

2232 208 2282 250 31

1821 305 1862 345 in
1881 308 1964 348 soro
1978 329 1987 339 ·
2018 316 2055 348 et
2074 322 2173 349 uoca
2307 319 2388 350 Pol.
2401 319 2470 351 61.'

1823 371 1854 408 ri
1875 373 1925 410 ab
1946 371 2167 411 hominibus

1823 434 1934 472 rabbi
1951 454 1960 464 ·
1990 433 2003 454 ⁸
2019 433 2104 473 Uos
2124 439 2211 474 aute

1824 496 1941 535 nolite
1961 497 2093 535 uocari
2111 499 2181 536 rab

1823 559 1885 596 bi·
1915 571 2014 596 unus
2034 565 2091 597 est
2110 564 2174 597 eni

1823 621 2006 671 magister
2023 642 2032 652 ·
2075 634 2143 660 om

1823 695 1893 721 nes
1913 690 2042 722 autem
2057 695 2128 722 uos

1822 745 1957 785 fratres
1975 747 2065 785 estis
2081 767 2090 776 ·

1823 809 1837 830 ⁹
1849 808 1899 847 Et
1918 816 2068 859 patrem
2080 802 2208 848 *nolite

1823 884 1966 910 uocare
1987 872 2099 910 uobis
2119 883 2163 910 su

1823 947 1892 985 per
1912 941 2054 972 terram
2071 955 2079 964 ·

1823 996 1938 1034 Unus
1958 1003 2015 1034 est
2034 996 2138 1035 enim
2157 1007 2208 1047 pa

1823 1066 1879 1098 ter
1898 1065 2024 1097 uester
2043 1059 2109 1109 qui

1823 1122 1863 1160 in
1883 1122 1999 1160 caelis
2017 1128 2075 1159 est
2092 1141 2101 1151 ·
2130 1120 2160 1142 ¹⁰
2175 1132 2247 1159 nec

1822 1183 2017 1223 uocemini
2036 1184 2162 1233 magis

1822 1247 1869 1284 tri
1882 1267 1891 1275 ·
1920 1258 2021 1284 unus
2040 1252 2098 1284 est
2117 1250 2181 1284 eni

1822 1309 2004 1359 magister
2023 1315 2149 1346 uester

1822 1375 1896 1421 xps
1913 1392 1921 1402 ·
1951 1370 1979 1392 ¹¹
1995 1372 2060 1422 qui
2079 1377 2208 1409 autem

1820 1434 1946 1472 maior
1965 1440 2023 1472 est
2041 1437 2170 1471 uestrl'i
2191 1453 2199 1462 ·

1821 1497 1890 1535 erit
1909 1496 2079 1535 minister
2098 1507 2167 1534 ues

1822 1589 1879 1622 ter
1893 1604 1901 1613 ·
1944 1583 1974 1606 ¹2
1986 1582 2050 1633 qui
2069 1588 2199 1620 autem
2218 1593 2266 1619 ex

1821 1645 1997 1684 altauerit
2018 1656 2058 1683 se
2077 1643 2186 1681 humi

1821 1708 1972 1746 liabitur
1988 1728 1997 1737 ·
2027 1713 2064 1744 et
2083 1707 2150 1755 qui

1821 1783 1862 1809 se
1882 1769 2056 1807 humiliat
2074 1768 2160 1806 exal

1819 1833 1959 1872 tabitur
1975 1852 1984 1862 ·
1997 1848 2052 1865 w
2070 1847 2125 1864 Φ

1789 1895 1808 1918 *
1821 1895 1850 1918 2⁹
1862 1895 1948 1934 Uae
1967 1901 2096 1933 autem
2114 1893 2226 1932 uobis

1788 1958 1808 1979 *
1822 1958 1945 1997 scribe
1965 1963 2003 1995 et
2020 1956 2145 1995 farisei

1787 2019 1806 2041 *
1821 2020 2042 2071 hypocritae
2057 2041 2111 2046 —

1823 2083 1911 2133 quia
1931 2081 2115 2120 edificatis

1826 2144 2030 2195 sepulchra
2049 2156 2122 2194 pro

1823 2270 1923 2308 natis
1942 2280 2154 2307 monumen

1823 2338 1863 2370 ta
1882 2332 2067 2370 iustorum
2085 2330 2115 2351 ³⁰
2125 2337 2163 2368 et

1825 2394 1948 2433 dicitis
1967 2393 2054 2444 quia
2074 2393 2105 2431 si
2123 2392 2164 2431 fu

1824 2457 1988 2495 issemus
2006 2456 2046 2492 in
2066 2455 2128 2493 die

1826 2521 1897 2558 bus
1916 2524 2068 2568 patrum
2087 2529 2160 2556 nos

1826 2589 1970 2621 trorum
1987 2601 1996 2611 ·
2026 2593 2107 2619 non
2126 2592 2168 2618 es

1827 2655 1956 2683 semus
1976 2642 2068 2681 socii
2087 2646 2182 2681 eorfi

1826 2708 1867 2745 in
1887 2706 2073 2756 sanguine
2093 2717 2165 2755 pro

1827 2769 1989 2809 fetarum
2006 2789 2015 2798 ·
2044 2766 2072 2788 ³¹
2089 2767 2225 2817 Itaque
