2872 3268
284 202 359 252 vtl.
376 216 493 261 1-29.]

86 330 167 363 rol.
182 332 264 363 108.
283 323 409 375 plebis
426 344 435 354 ·
478 324 634 362 intrauit

283 399 521 438 capernaum
538 409 547 417 ·
592 386 605 406 ²
621 386 706 425 Cen

282 451 446 488 turionis
466 455 596 488 autem

282 513 484 552 cuiusdam
505 524 640 551 seruus

281 575 382 613 male
402 575 552 613 habens
572 581 655 613 erat

280 638 487 676 moriturus
534 637 598 688 qui

280 700 332 738 illi
353 707 434 739 erat
453 701 645 750 pretiosus

278 762 294 784 ⁸
306 761 359 801 Et
378 775 468 801 cum
489 763 658 801 audisset
683 762 731 800 de

279 824 346 862 ihu
401 825 506 863 misit
525 825 635 863 senio

278 899 341 926 res
359 888 563 926 iudeorum
582 899 626 925 ro

276 961 377 1000 gans
397 962 488 988 eum
542 955 585 987 ut
603 949 694 987 ueni

278 1023 349 1051 ens
368 1012 533 1050 saluaret
552 1023 613 1050 ser

276 1086 373 1114 uum
392 1075 474 1113 eius
492 1095 500 1105 ·
518 1095 528 1104 ·
557 1074 572 1094 ⁴
584 1081 622 1112 at
641 1073 693 1112 illi

277 1137 480 1176 uenientes
500 1137 550 1175 ad
569 1137 650 1174 ihm
667 1158 674 1166 ·

277 1201 469 1250 rogabant
488 1211 578 1238 eum
599 1199 659 1238 sol

276 1261 378 1300 licite
397 1261 571 1300 dicentes

275 1324 368 1376 quia
387 1324 529 1374 dignus
549 1330 607 1362 est

275 1393 319 1424 ut
337 1386 411 1425 hoc
431 1387 466 1424 ei
485 1392 634 1436 prestes
649 1407 658 1416 ·

277 1448 438 1498 ”Diligit
456 1449 562 1487 enim
580 1451 698 1498 gente

277 1518 453 1551 nostram
465 1531 474 1541 ·
518 1517 556 1549 et
575 1523 671 1562 syna

276 1585 423 1625 gogam
442 1574 525 1624 ipse
545 1573 659 1612 aedifi

276 1661 382 1700 cauit
399 1661 536 1700 nobis·
579 1661 665 1700 ⁶ihs

277 1731 407 1763 autem
428 1724 521 1762 abiit
540 1736 631 1762 cum

276 1787 334 1826 eis
347 1807 357 1817 ·
401 1793 546 1825 etcum
565 1787 643 1824 iam
663 1797 744 1824 non

275 1849 396 1902 longe
415 1855 517 1887 esset
536 1861 559 1887 a
578 1848 743 1887 domu--

277 1910 388 1950 Misit
407 1911 457 1949 ad
477 1911 585 1948 illum
606 1923 681 1949 cen

274 1973 377 2013 turio
396 1973 545 2012 amicos
565 1972 604 2011 di

276 2048 372 2075 cens
385 2056 394 2066 ⁶
437 2035 514 2074 dr‘re
527 2056 537 2065 ·
577 2035 656 2073 noli
675 2041 714 2074 te

275 2110 420 2138 uexare
434 2119 443 2128 ·
483 2110 565 2136 non
586 2098 683 2135 eni-

275 2162 418 2212 dignus
439 2173 524 2200 sum
544 2167 586 2198 ut
606 2161 679 2199 sub

275 2230 423 2263 tectum
442 2235 576 2261 meum
595 2223 636 2261 in

275 2293 374 2325 tres·
416 2287 603 2337 ''propter

277 2349 384 2401 quod
404 2362 476 2388 nec
496 2349 659 2399 dignum

277 2425 342 2451 me
362 2411 530 2450 iudicaui
587 2411 678 2449 ueni

279 2487 320 2514 re
341 2475 391 2512 ad
409 2481 445 2513 te
460 2495 469 2504 ·
512 2473 581 2513 sed
600 2473 662 2512 dic

279 2538 401 2575 uerbo
422 2543 460 2575 et
479 2536 673 2574 sanabitur

279 2611 376 2650 puer
394 2610 506 2636 meus
522 2618 531 2628 ·
573 2598 587 2619 ⁸
600 2597 706 2636 Nam

278 2667 318 2700 et
337 2672 413 2711 ego
431 2660 553 2698 homo
574 2671 659 2697 sum

280 2725 354 2762 sub
373 2729 562 2773 potestate
582 2734 660 2761 con

279 2786 455 2825 stitutus·
497 2784 646 2822 habens

279 2857 352 2895 sub
371 2868 433 2894 me
453 2854 593 2893 milites
610 2875 618 2884 ·
639 2860 678 2892 et

279 2919 368 2958 dico
388 2918 475 2956 huic
494 2917 595 2956 uade

1157 209 1390 249 LUCAN-

789 329 827 362 et
845 323 974 362 uadit·
1019 330 1057 362 et
1077 324 1139 362 alii
1159 335 1208 362 ue

788 387 828 424 ni
849 393 887 424 et
906 387 1012 426 uenit
1025 407 1034 416 ·
1075 394 1113 425 et
1133 399 1194 425 ser

786 461 837 488 uo
856 461 945 487 meo
965 449 1027 488 fac
1047 449 1120 489 hoc
1139 457 1177 488 et
1196 449 1235 488 fa

785 511 836 549 cit
850 532 858 541 ·
899 512 1090 551 ⁹Audiens
1110 516 1196 550 aute

785 573 880 612 haec
901 574 959 612 ihs
979 575 1137 612 miratus
1158 581 1215 613 est

784 648 874 674 eum
889 657 897 666 ·
937 643 975 674 et
994 649 1205 676 conuersus

784 700 1036 749 sequentibus
1057 712 1097 738 se
1119 700 1184 738 dix

784 761 812 798 it
831 762 952 800 turbis
969 782 977 792 ·
1019 763 1108 801 dico
1129 775 1181 801 uo

783 824 843 862 bis
858 845 867 854 -
908 825 946 861 in
966 825 1072 864 nullo
1092 831 1199 865 tanta

784 885 902 924 fidem
922 887 1053 925 inueni
1074 888 1113 925 in
1133 888 1201 926 ist·

782 947 869 987 ¹⁰Et
887 951 1029 988 reuersi
1048 951 1114 1000 qui
1133 951 1206 989 mis

782 1011 814 1049 si
834 1019 942 1050 erant
954 1033 963 1042 ·
1007 1012 1150 1052 inuene

782 1080 870 1112 runt
889 1086 1044 1113 seruum
1064 1080 1161 1114 sanfi
1177 1097 1186 1106 ·

781 1134 809 1156 ¹¹
822 1135 874 1174 Et
891 1136 1036 1175 factum
1057 1144 1115 1176 est
1134 1138 1224 1177 dein

780 1211 873 1249 ceps
892 1200 972 1239 ibat
992 1201 1031 1238 in
1051 1201 1165 1239 ciuita

780 1268 860 1300 tem
879 1274 979 1313 quae
997 1270 1160 1302 uocatur

780 1324 872 1362 nain
888 1345 898 1354 ·
941 1331 979 1363 et
998 1326 1106 1364 ibant
1124 1338 1214 1364 cum

779 1386 844 1425 illo
864 1387 1043 1438 discipuli
1062 1389 1145 1428 eius

777 1449 886 1487 multi
905 1456 943 1488 et
962 1451 1072 1489 turba
1092 1463 1140 1489 co

778 1512 891 1563 piosa
907 1533 916 1542 ·
958 1512 1034 1552 1²et
1053 1513 1199 1553 factum

779 1581 837 1614 est
856 1575 950 1613 dum
969 1576 1161 1627 adpropia

779 1669 835 1700 ret
855 1669 987 1712 portae
1007 1663 1173 1703 ciuitatis
1187 1686 1196 1695 ·

778 1723 829 1762 Et
848 1737 939 1764 ecce
960 1725 1150 1765 ferebatur

779 1787 982 1827 defunctus
1002 1788 1100 1828 filius

777 1850 917 1888 unicus
937 1851 1068 1889 matris
1089 1864 1180 1890 suae
1193 1873 1201 1882 ·

777 1911 829 1950 Et
848 1912 943 1951 haec
962 1913 1080 1952 uidua
1095 1920 1176 1953 erat
1190 1935 1198 1944 ·

779 1980 818 2013 et
836 1977 948 2014 turba
967 1976 1132 2016 ciuitatis

779 2038 899 2076 multa
917 2050 1008 2077 cum
1026 2039 1090 2078 illa
1102 2060 1111 2070 ·

778 2100 806 2121 ¹⁸
818 2113 936 2151 quam
957 2114 1046 2140 eum
1065 2102 1213 2141 uideret

777 2163 851 2202 dfis
871 2165 1047 2203 misertus
1066 2172 1124 2204 est

780 2238 895 2277 super
914 2239 1001 2265 eam
1018 2248 1026 2257 ·
1068 2228 1119 2266 Et
1139 2228 1235 2266 dixit

779 2289 831 2327 illi
879 2290 958 2329 noli
977 2290 1069 2329 flere
1084 2312 1093 2321 ·
1137 2290 1166 2311 ¹⁴
1176 2291 1228 2329 Et

779 2353 944 2391 accessit
990 2359 1028 2392 et
1047 2354 1171 2403 tetigit

778 2414 950 2453 loculum
966 2436 975 2446 ·
1016 2415 1056 2453 hi
1076 2419 1163 2454 aute

779 2478 846 2528 qui
865 2480 1073 2528 portabant
1093 2484 1150 2517 ste

779 2546 907 2579 terunt
920 2562 928 2570 -
969 2541 1021 2579 Et
1035 2541 1087 2579 ait
1102 2562 1111 2571 ·
1141 2541 1219 2579 adu

778 2604 931 2642 lescens
950 2604 1019 2641 tibi
1038 2602 1127 2642 dico

782 2677 898 2715 surge
913 2686 921 2695 -
962 2664 1054 2702 1⁵Et
1072 2664 1214 2703 resedit

780 2728 846 2778 qui
865 2733 946 2765 erat
964 2733 1137 2765 mortuus
1153 2747 1162 2756 ·

782 2797 820 2828 et
832 2790 960 2839 coepit
972 2789 1079 2839 loqui
1096 2809 1105 2819 ·
1135 2795 1173 2826 et
1186 2788 1233 2826 de

780 2852 835 2891 dit
853 2852 959 2891 illum
978 2851 1091 2890 matri
1110 2851 1192 2889 eius
1209 2871 1218 2880 ·

780 2914 975 2966 ¹⁸Aceepit
987 2920 1117 2952 autem
1128 2913 1243 2952 timor

1323 334 1490 373 magnus
1510 334 1647 361 omnes
1668 342 1677 352 ·

1322 392 1360 424 et
1380 385 1684 435 magnificabant

1321 448 1387 486 dm
1409 448 1582 487 dicentes
1595 468 1604 477 ·

1320 510 1428 560 quod
1447 510 1597 560 profeta
1615 521 1707 559 mag

1320 585 1393 611 nus
1413 574 1576 611 surrexit
1595 573 1635 610 in

1319 636 1432 674 nobis
1446 655 1455 665 ·
1496 641 1534 674 et
1552 635 1643 686 quia
1661 635 1702 672 ui

1318 698 1445 737 sitauit
1464 697 1509 736 ds
1528 698 1684 748 plebem

1319 772 1430 799 suam
1445 761 1485 798 in
1506 762 1612 799 bono
1628 781 1637 791 ·
1679 760 1707 781 ¹⁷
1718 760 1770 799 Et

1317 823 1410 862 exiit
1428 823 1490 861 hic
1513 835 1640 862 sermo
1661 823 1701 861 in

1317 886 1540 924 uniuersam
1563 885 1710 924 iudea-

1316 953 1354 986 et
1373 948 1414 985 in
1433 959 1592 986 omnem
1611 947 1715 986 confi

1317 1023 1408 1048 nem
1431 1011 1631 1061 regionem
1652 1010 1699 1048 de

1316 1072 1380 1111 illo
1394 1093 1403 1103 ·
1418 1093 1427 1103 ·
1443 1093 1452 1103 ·
1481 1071 1509 1093 ²²³
1521 1073 1572 1111 Et
1591 1073 1726 1111 nuntia

1315 1141 1453 1173 uerunt
1471 1134 1630 1174 iohanni

1316 1197 1492 1247 discipuli
1515 1198 1596 1236 eius
1617 1197 1665 1236 de

1315 1261 1497 1299 omnibus
1516 1260 1575 1299 his
1592 1282 1600 1291 ·
1644 1259 1672 1282 ¹⁹
1686 1261 1738 1300 Et

1315 1323 1548 1362 conuocauit
1566 1323 1684 1361 iohan

1314 1397 1384 1423 nes
1405 1385 1503 1423 duos
1523 1386 1572 1424 de
1592 1385 1688 1424 disci

1314 1448 1414 1497 pulis
1434 1449 1512 1486 suis
1526 1468 1535 1478 ·
1576 1455 1614 1486 et
1632 1446 1734 1487 misit

1313 1510 1363 1548 ad
1382 1510 1463 1548 ihm
1483 1511 1616 1550 dicens
1632 1531 1640 1541 ·

1312 1579 1351 1611 tu
1371 1585 1412 1611 es
1432 1573 1498 1624 qui
1517 1580 1702 1612 uenturus

1313 1673 1354 1699 es
1374 1673 1424 1698 an
1445 1660 1563 1698 alium
1582 1674 1705 1711 expec

1311 1729 1438 1761 tamus
1455 1744 1464 1753 ·
1503 1722 1532 1743 ²⁰
1542 1723 1746 1762 Aduenien

1313 1791 1371 1823 tes
1388 1792 1517 1824 autem
1537 1786 1587 1824 ad
1605 1798 1696 1824 eum

1312 1848 1384 1885 uiri
1404 1847 1582 1886 dixerunt
1595 1869 1604 1878 ·
1645 1848 1691 1887 Io

1313 1909 1424 1948 hanis
1443 1911 1610 1961 baptista
1628 1911 1682 1948 mi

1315 1973 1362 2011 sit
1382 1985 1453 2011 nos
1477 1973 1527 2011 ad
1543 1980 1582 2011 ·te
1603 1973 1737 2012 dicens

1313 2041 1354 2072 tu
1373 2047 1415 2073 es
1434 2035 1501 2086 qui
1519 2035 1630 2074 uenis
1645 2048 1695 2073 an
1716 2035 1765 2073 ali

1312 2109 1380 2135 um
1399 2103 1669 2147 exspectamus
1685 2118 1694 2128 ·

1312 2159 1339 2180 ²¹
1353 2160 1400 2197 In
1421 2161 1483 2198 illa
1503 2167 1632 2198 autem
1651 2160 1747 2198 hora

1313 2224 1472 2261 curabat
1491 2223 1633 2261 multos
1649 2244 1658 2253 ·
1702 2235 1725 2261 a

1312 2286 1560 2336 languoribus
1606 2291 1643 2324 et
1661 2285 1726 2336 pla

1314 2349 1374 2398 gis
1416 2354 1454 2387 et
1473 2349 1666 2399 spiritibus
1686 2360 1751 2386 ma

1314 2411 1360 2449 lis
1374 2431 1383 2441 ·
1412 2418 1450 2449 et
1468 2411 1593 2450 caecis
1613 2411 1743 2449 multis

1316 2474 1478 2512 donauit
1497 2474 1625 2511 uisum
1642 2494 1651 2502 ·

1314 2534 1342 2556 ²²
1353 2536 1403 2574 Et
1422 2536 1664 2587 respondens
1683 2535 1742 2573 ihs

1313 2599 1409 2637 dixit
1427 2599 1500 2636 illis
1513 2619 1522 2628 ·
1552 2598 1609 2636 Ite
1629 2604 1666 2635 et
1685 2609 1766 2635 nun

1314 2662 1403 2699 tiate
1419 2660 1578 2699 iohanni
1593 2681 1601 2690 ·
1622 2672 1721 2710 quae
1741 2659 1780 2696 ui

1315 2724 1423 2762 distis
1443 2729 1481 2761 et
1500 2723 1689 2761 auditistis

1315 2786 1421 2824 caeci
1434 2784 1582 2823 uident·
1603 2784 1704 2823 clodi
1717 2795 1781 2822 am

1315 2848 1449 2886 bulant
1462 2868 1471 2877 ·
1510 2847 1651 2897 leprosi

1314 2910 1549 2950 mundantur
1564 2931 1573 2940 ·
1614 2909 1719 2949 surdi

2236 209 2289 266 83

1823 321 2006 360 audiunt·
2047 323 2189 361 mortui

1822 391 2028 434 resurgunt
2041 405 2049 414 ·
2084 397 2162 436 pau

1821 458 1935 496 peres
1955 448 2208 497 euangelizan

1821 513 1882 545 tur
1895 529 1904 538 ·
1946 507 2024 547 ²⁸et
2043 511 2180 549 beatus
2200 517 2258 550 est

1819 571 2078 623 quicumquae
2098 585 2178 612 non
2198 572 2239 611 fu

1819 634 2192 674 eritsscandalizatus

1818 695 1858 733 in
1879 708 1942 735 me
1956 718 1965 727 ·
2006 696 2034 717 ²4
2045 698 2096 736 Et
2116 710 2206 736 cum
2226 698 2286 738 dis

1818 759 2024 798 cessissent
2043 761 2166 798 nuntii

1817 820 2022 860 iohannis·
2063 823 2193 873 coepit

1817 883 1943 922 dicere
1964 884 2013 922 de
2032 884 2202 924 iohanne

1816 946 1867 983 ad
1886 947 2016 985 turbas
2030 968 2039 977 ·
2080 948 2176 998 quid

1816 1008 1949 1048 existis
1967 1009 2008 1047 in
2029 1010 2182 1050 deserto

1814 1070 1971 1110 uidere·
2013 1072 2178 1112 harundi

1813 1145 1906 1171 nem
1926 1146 1949 1172 a
1967 1141 2085 1174 uento
2106 1148 2222 1176 moue

1812 1196 1865 1233 ri·
1910 1195 1938 1218 ²⁵
1953 1196 2029 1236 Sed
2048 1199 2142 1249 quid
2161 1199 2244 1238 exis

1812 1258 1860 1296 tis
1879 1259 2010 1298 uidere
2030 1260 2138 1299 homi

1813 1333 1905 1358 nem
1924 1322 2107 1361 mollibus
2126 1335 2195 1362 ues

1812 1383 1982 1422 timentis
2001 1385 2179 1424 indutum
2192 1407 2202 1417 ·

1812 1445 1919 1484 Ecce
1939 1447 2004 1497 qui
2023 1448 2063 1485 in
2082 1455 2189 1487 ueste
2208 1461 2278 1499 pre

1812 1508 1912 1546 tiosa
1935 1515 2023 1547 sunt
2042 1517 2080 1548 et
2098 1510 2137 1548 in
2157 1510 2206 1550 de

1811 1571 1906 1609 liciis
1925 1572 1965 1610 in
1989 1572 2171 1612 domibus

1812 1671 1949 1710 regum
1969 1666 2058 1698 sunt
2070 1681 2079 1691 ·
2123 1659 2151 1683 ²⁶
2166 1661 2244 1700 Sed

1813 1722 1906 1772 quid
1926 1722 2057 1761 existis
2080 1724 2170 1762 uide

1813 1797 1854 1822 re
1874 1785 2064 1834 profetam
2080 1806 2090 1816 ·
2133 1786 2189 1824 uti

1813 1858 1888 1897 que
1908 1847 1996 1885 dico
2015 1848 2129 1886 uobis
2148 1854 2187 1886 et

1812 1909 1899 1959 plus
1919 1921 2036 1960 quam
2051 1910 2200 1960 profeta
2213 1931 2222 1941 ·

1813 1971 1854 2018 ²⁷,
1863 1970 1941 2010 Hic
1953 1964 2011 2010 est
2024 1971 2072 2010 de
2085 1983 2164 2023 quo
2177 1972 2279 2023 scrip

1814 2064 1822 2080 ,
1836 2040 1919 2071 tum
1937 2041 1995 2072 est
2012 2054 2020 2064 ·
2058 2047 2149 2073 ecce
2169 2035 2239 2074 mit

1814 2126 1823 2143 ‚
1837 2103 1877 2135 to
1898 2097 2082 2147 angelum
2100 2109 2231 2136 meum

1812 2188 1822 2206 ,
1837 2166 1925 2197 ante
1946 2159 2085 2197 faciem
2104 2166 2211 2199 tuam

1814 2251 1824 2269 ‚
1838 2221 1904 2272 qui
1923 2222 2142 2271 preparauit

1816 2314 1825 2330 ,
1837 2284 1943 2321 uiam
1962 2290 2068 2322 tuam
2088 2290 2176 2322 ante
2196 2289 2234 2322 te

1815 2345 1844 2367 ²⁸
1855 2346 1955 2385 Dico
1974 2347 2079 2384 enim
2098 2346 2212 2384 uobis

1815 2409 1938 2448 maior
1957 2409 2055 2446 inter
2074 2415 2188 2447 natos

1815 2472 2019 2510 mulierum
2039 2470 2191 2521 profeta

1816 2534 1988 2573 iohanne
2008 2534 2176 2584 baptista

1815 2609 1932 2635 nemo
1951 2602 2009 2635 est
2021 2617 2030 2626 ·
2065 2609 2158 2635 nam
2177 2596 2244 2648 qui

1815 2660 1943 2698 minor
1962 2666 2019 2697 est
2038 2659 2078 2696 in
2096 2671 2166 2709 reg

1816 2734 1870 2760 no
1891 2722 1930 2760 di
1974 2722 2097 2760 maior
2112 2727 2170 2760 est
2189 2721 2253 2760 illo
2270 2741 2279 2753 ·

1816 2784 1896 2823 2⁹Et
1908 2785 2036 2823 omnis
2048 2785 2218 2835 populus
2232 2797 2283 2823 au

1819 2849 1928 2888 diens
1947 2854 1985 2886 et
2003 2847 2200 2898 puplicani
2218 2868 2227 2878 ·

1816 2911 2117 2951 iustificauerunt
2135 2909 2203 2948 dm

1982 2985 2012 3012 M
2043 2985 2064 3011 2

2307 334 2388 369 1³01.
2405 334 2487 365 104.
