2872 3268
106 325 196 358 1'01.
212 326 291 359 119.

322 214 385 247 XI.
402 208 549 253 21-47.]

323 321 363 359 in
384 334 480 372 pace
500 328 589 360 sunt
609 334 655 360 ea
674 333 749 372 que

321 384 515 433 possidet·
546 382 576 427 ²?
589 383 628 422 Si
647 396 696 422 au

322 451 402 484 tem
421 446 554 485 fortior
573 446 639 485 illo

321 510 584 559 superuenerit

319 577 358 609 et
378 571 511 609 uicerit
529 583 620 610 eum
633 592 642 602 ·

319 645 432 672 uersa
451 646 558 672 arma
576 635 658 672 eius

319 695 463 734 auferet
478 697 518 734 in
538 697 678 747 quibus

318 759 540 797 confidebat
585 766 622 798 et
641 772 714 810 spo

315 820 367 859 lia
386 821 585 860 distribuet

315 883 345 906 ²⁸
358 883 438 931 Qui
456 896 538 922 non
556 890 614 922 est
629 897 782 923 mecum

315 946 501 985 aduersus
521 959 583 984 me
602 952 661 985 est

314 1007 366 1046 Et
385 1008 451 1058 qui
471 1020 552 1046 non
571 1009 717 1058 colligit

313 1082 469 1109 mecum
497 1071 643 1120 spargit
659 1091 668 1100 ·

312 1130 342 1154 ⁸⁴
357 1132 460 1171 Cum
479 1133 688 1172 inmundus
704 1137 770 1184 sps

313 1195 447 1235 exierit
466 1196 516 1233 ab
536 1195 644 1234 homi

313 1270 363 1296 ne
383 1258 626 1308 perambulat

311 1333 381 1371 per
399 1320 487 1358 loca
510 1320 617 1358 arida

313 1382 517 1430 Quaerens
536 1383 706 1433 requiem

310 1452 349 1483 et
367 1457 450 1483 non
469 1446 670 1484 inueniens

311 1507 417 1546 Dicit
462 1515 627 1546 reuertar
642 1509 682 1546 in
700 1510 703 1512 ’

311 1570 474 1608 domum
494 1583 623 1609 meam

309 1632 411 1671 unde
430 1634 532 1671 exiui

689 572 757 610 uni

309 1719 402 1759 ²⁵Et
421 1733 512 1760 curn
531 1722 677 1760 uenerit
697 1722 736 1760 in

309 1784 414 1822 uenit
434 1784 562 1834 scopis
581 1797 676 1822 mun

309 1846 441 1888 datam
460 1852 498 1884 et
517 1853 686 1885 ornata-

308 1899 337 1930 ’4
352 1908 467 1947 Tunc
490 1909 596 1947 uadit
614 1916 651 1947 et
666 1910 762 1949 adsu

307 1971 378 2010 mit
397 1978 547 2022 septem
571 1972 666 2011 alios

307 2037 374 2084 sps
395 2035 598 2084 nequiores
618 2047 659 2073 se

306 2095 360 2134 Et
377 2096 540 2148 ingressi
559 2097 689 2136 inhabi

306 2164 389 2198 tant
435 2165 474 2197 et
492 2159 534 2198 fit
553 2160 666 2198 nouis

306 2221 428 2260 simae
446 2221 667 2260 huiusmodi

306 2283 474 2323 hominis
492 2285 571 2323 uita
589 2298 638 2336 pe

307 2347 366 2385 ior
385 2347 504 2397 priori
519 2369 527 2377 ·
544 2368 553 2378 ·
568 2370 624 2375 —

305 2407 335 2431 ²⁷
347 2409 510 2450 Factum
530 2417 588 2449 est
606 2417 736 2449 autem

307 2483 396 2510 cum
417 2472 514 2511 haec
536 2473 680 2511 diceret

305 2535 494 2572 extollens
512 2547 652 2573 uocem

304 2597 474 2647 quedam
492 2597 628 2635 mulier

306 2659 355 2698 de
374 2660 485 2697 turba
531 2659 626 2699 dixit
647 2659 673 2698 il
729 2665 731 2667 ’

305 2722 332 2760 li
344 2742 353 2752 ·
372 2743 380 2752 ·
420 2721 565 2760 Beatus
583 2734 661 2760 uen

305 2790 363 2823 ter
383 2784 448 2834 qui
469 2791 504 2822 te
525 2790 636 2834 porta

305 2847 362 2886 uit
407 2853 446 2886 et
465 2847 585 2885 ubera
603 2858 704 2897 quae

307 2910 442 2948 suxisti
458 2930 467 2939 ·
485 2930 494 2939 -
524 2908 618 2947 ²⁸Ad
638 2909 703 2947 ille

304 2972 400 3011 dixit
419 2971 469 3010 ad
489 2983 557 3010 eos
602 2971 704 3010 beati

304 3035 371 3085 qui
391 3034 551 3073 audiunt
570 3034 691 3073 uerbi-1
717 3034 756 3072 di

1208 202 1441 243 LUCAN-

826 327 864 360 et
882 321 1029 360 faciunt
1044 342 1053 351 ·
1085 322 1113 343 ²⁹
1126 321 1246 360 turbis

825 390 955 422 autem
974 396 1190 423 concurren

824 447 925 484 tibus
940 467 948 476 ·
997 447 1127 496 coepit
1146 446 1231 485 dice

822 520 864 546 re
883 508 942 547 ihs
961 509 1158 559 generatio

823 570 918 609 haec
939 571 1137 620 generatio
1153 592 1160 600 ·
1197 583 1247 609 ne

823 645 900 684 qua
919 639 977 671 est
1023 634 1179 683 signum

822 696 945 746 querit
962 702 999 734 et
1019 708 1100 734 non
1120 696 1209 734 dabi

821 764 881 796 tur
899 758 952 796 illi
971 759 1045 797 nisi
1066 759 1179 808 signu

820 820 934 859 ionae
953 821 1124 871 profetae

819 883 848 904 ³⁰
861 883 966 921 Nam
983 883 1081 922 sicut
1094 883 1163 921 fuit
1177 883 1286 921 ionas

817 946 971 995 signum
990 946 1167 984 nineuitis
1183 966 1192 975 ·

817 1008 878 1046 Ita
898 1009 966 1046 erit
985 1015 1023 1046 et
1043 1008 1142 1046 filius
1162 1008 1214 1047 ho

817 1071 931 1108 minis
951 1071 1148 1121 generatio

816 1133 856 1170 ni
875 1132 964 1171 huic
980 1155 987 1163 ·
1003 1154 1011 1163 ·
1027 1154 1036 1163 ·
1066 1132 1094 1154 ³¹
1110 1133 1264 1183 Regina

815 1197 866 1234 ab
886 1202 1014 1235 austro
1033 1202 1165 1246 surget

815 1258 855 1296 in
875 1258 1017 1297 iudicio
1037 1271 1128 1297 cum
1149 1258 1188 1296 ui

814 1321 864 1359 ris
883 1322 1122 1372 generationi
1141 1321 1195 1360 hu

814 1383 849 1421 ic
864 1404 873 1413 ·
922 1391 959 1422 et
978 1384 1199 1423 condemna

814 1446 869 1484 bit
888 1446 975 1485 illos
1018 1447 1109 1497 quia
1127 1446 1235 1485 uenit

813 1521 836 1547 a
856 1509 998 1548 finibus
1018 1515 1139 1547 terrae

811 1572 943 1610 audire
964 1572 1184 1622 sapientia-

812 1633 1029 1672 solomonis
1042 1655 1051 1663 ·
1099 1634 1150 1672 Et
1169 1646 1261 1673 ecce

812 1721 899 1772 plus
918 1721 981 1759 hic
1000 1734 1119 1772 quam
1139 1721 1223 1759 solo

812 1796 908 1821 mon
921 1804 930 1813 ·
961 1782 990 1804 ³²
1001 1783 1085 1822 Uiri
1104 1783 1195 1822 nine

810 1847 888 1884 uite
928 1852 1086 1896 surgent

810 1909 850 1946 in
869 1909 1012 1947 iudicio
1032 1921 1123 1947 cum
1142 1920 1190 1958 ge

809 1972 1006 2010 neratione
1024 1971 1097 2009 hae
1145 1976 1183 2008 et

810 2034 1128 2072 condemnabunt
1143 2033 1168 2071 il

810 2096 889 2134 lam
905 2117 914 2127 ·
962 2097 1052 2147 quia
1071 2096 1228 2147 peniten

809 2160 903 2197 tiam
923 2165 1084 2209 egerunt
1102 2160 1142 2197 in

810 2222 1074 2273 predicatione
1094 2223 1207 2262 ionae

809 2285 861 2323 Et
880 2298 973 2323 ecce
993 2285 1078 2336 plus
1098 2298 1216 2336 quam

808 2347 899 2387 iona
918 2348 981 2386 hic
1000 2370 1007 2378 ·
1027 2370 1034 2378 ·
1053 2370 1061 2378 ·
1092 2348 1120 2369 ³³
1133 2348 1264 2388 Nemo

808 2417 937 2449 autem
956 2411 1155 2450 lucernam

808 2466 986 2512 a'ccendit
1005 2479 1042 2511 et
1062 2474 1100 2511 in
1121 2475 1171 2512 ab

808 2536 986 2574 scondito
1005 2537 1114 2586 ponit
1127 2557 1136 2566 ·

807 2610 935 2648 neque
955 2599 1027 2636 sub
1046 2598 1178 2637 modio

809 2659 887 2698 Sed
907 2672 1021 2710 super
1040 2660 1205 2698 candela

805 2723 920 2760 brum
966 2728 1009 2759 ut
1028 2723 1093 2772 qui
1112 2722 1221 2772 ingre

808 2784 962 2822 diuntur
975 2784 1107 2822 lumen
1126 2785 1165 2821 ui

807 2847 945 2885 deant:
975 2846 1175 2884 ⁸⁴lucerna
1194 2858 1262 2885 cor

807 2909 913 2960 poris
932 2915 990 2947 est
1008 2908 1143 2947 oculus

807 2977 896 3010 tuus
912 2992 921 3002 ·
971 2972 1072 3010 Cum
1093 2970 1205 3009 fuerit

807 3033 944 3073 oculus
956 3040 1044 3073 tuus
1069 3032 1231 3083 simplex

1360 327 1483 360 totum
1503 332 1644 371 corpus
1664 324 1731 359 tufi

1358 383 1529 422 lucidum
1549 383 1618 422 erit
1631 404 1640 413 ·

1359 444 1461 483 Cum
1481 453 1611 483 autem
1630 448 1759 495 nequa

1357 506 1469 546 fuerit
1514 508 1630 546 etiam
1650 519 1717 546 cor

1356 581 1429 620 pus
1449 577 1557 608 tuum
1576 571 1698 608 obscu

1356 644 1440 670 rum
1460 633 1530 671 erit
1546 653 1554 662 ·
1599 632 1727 683 35Aspi

1356 706 1401 733 ce
1420 707 1514 745 ergo
1533 707 1582 733 ne
1598 694 1705 746 quod

1356 756 1487 795 lumen
1507 764 1564 795 est
1583 758 1623 795 in
1642 764 1679 795 te
1699 763 1737 796 te

1355 819 1472 858 nebre
1492 820 1591 858 sint·
1625 820 1653 840 ⁸⁶
1665 820 1696 858 si
1716 831 1758 857 er

1355 894 1407 931 go
1428 894 1572 932 corpus
1591 888 1701 920 tuum

1355 944 1554 983 lucernam
1574 957 1656 984 non
1676 945 1727 983 ha

1356 1007 1450 1045 bens
1469 1007 1638 1046 lucidam
1688 1008 1740 1046 ob

1355 1081 1510 1108 scurum
1531 1077 1589 1109 est
1604 1091 1613 1100 ·
1661 1082 1767 1121 quan

1354 1138 1394 1170 to
1415 1133 1541 1182 magis
1562 1144 1652 1170 cum
1672 1133 1712 1171 lu

1354 1205 1470 1232 cerna
1490 1195 1615 1233 luceat
1635 1195 1675 1232 in
1694 1195 1733 1232 lu

1355 1277 1362 1286 ·
1379 1277 1387 1286 ·
1403 1278 1412 1286 ·
1428 1257 1552 1295 minat
1578 1263 1616 1295 te
1630 1275 1685 1291 ψ

1320 1316 1338 1337 *
1353 1319 1382 1340 ³⁷
1393 1319 1440 1356 In
1460 1332 1508 1357 eo
1528 1326 1657 1358 autem
1678 1332 1767 1359 cum
1782 1320 1820 1359 lo

1319 1379 1338 1401 *
1353 1388 1532 1432 queretur
1552 1403 1561 1412 ·
1609 1383 1679 1421 fari

1318 1443 1337 1464 *
1352 1457 1440 1483 seus
1460 1445 1621 1495 quidam
1639 1458 1683 1484 ro

1350 1507 1457 1558 gauit
1476 1508 1583 1546 illum
1602 1514 1643 1546 ut
1662 1513 1710 1547 οῦ

1349 1582 1397 1609 eo
1416 1570 1622 1621 pranderet
1637 1591 1646 1601 ·
1692 1571 1746 1610 Et

1351 1633 1546 1683 ingressus
1562 1645 1654 1672 recu

1353 1719 1432 1757 buit
1447 1740 1456 1750 ·
1486 1719 1514 1740 ³⁸
1527 1719 1733 1759 Phariseus

1348 1789 1478 1820 autern
1498 1783 1627 1832 coepit

1348 1844 1446 1883 intra
1465 1857 1507 1883 se
1525 1851 1707 1895 reputans

1349 1907 1475 1946 dicere
1523 1919 1641 1957 quare
1661 1919 1743 1945 non

1348 1971 1517 2020 primurn
1535 1970 1689 2020 baptiza

1344 2039 1406 2071 tus
1426 2039 1483 2072 est
1500 2033 1603 2083 prius
1618 2040 1727 2083 qua-

1346 2095 1599 2134 manducaret
1615 2116 1624 2125 ·
1654 2095 1683 2115 ⁸⁹
1694 2095 1747 2133 Et

1348 2158 1442 2196 dixit
1461 2158 1534 2196 dns
1554 2158 1603 2195 ad
1621 2157 1729 2195 illum
1745 2177 1754 2188 ·

1348 2232 1452 2259 nunc
1470 2232 1542 2259 uos
1562 2219 1735 2258 farisaei·

1347 2283 1455 2334 quod
1474 2283 1614 2321 deforis
1634 2289 1692 2320 est

1346 2347 1473 2385 calicis
1493 2353 1531 2384 et
1550 2346 1666 2384 catini
1685 2357 1781 2384 mun

1346 2409 1444 2447 datis
1457 2429 1466 2439 ·
1516 2409 1624 2458 quod
1643 2411 1732 2446 aute

1344 2472 1447 2510 intus
1467 2478 1525 2510 est
1544 2478 1715 2509 uestrum

1342 2535 1502 2585 plenum
1521 2539 1579 2572 est
1597 2534 1732 2583 rapina

1345 2603 1382 2635 et
1402 2597 1603 2647 iniquitate
1617 2616 1626 2625 ·

1344 2659 1374 2679 ⁴⁰
1388 2659 1498 2697 Stulti
1518 2670 1650 2696 nonne
1670 2657 1735 2708 qui
1755 2656 1791 2696 fe

1344 2722 1395 2759 cit
1441 2720 1547 2771 quod
1566 2719 1654 2758 defo

1341 2784 1393 2821 ris
1413 2789 1471 2821 est
1489 2783 1605 2821 etiam
1625 2782 1664 2820 id

1343 2845 1451 2896 quod
1471 2845 1621 2883 deintus
1641 2850 1698 2882 est
1717 2843 1752 2882 fe

1343 2909 1396 2947 cit
1408 2929 1418 2938 ·
1447 2906 1476 2928 ⁴¹
1489 2907 1644 2945 Tamen
1663 2919 1762 2957 quae

1343 2977 1432 3009 sunt
1451 2970 1537 3008 date
1557 2970 1754 3020 aelemosy

1343 3045 1436 3072 nam
1456 3040 1493 3072 et
1512 3045 1603 3072 ecce
1622 3033 1754 3072 omnia

2273 214 2323 256 91

1861 318 2050 357 mundata
2069 326 2157 358 sunt
2174 331 2227 359 uo
2346 327 2428 359 Fol.
2439 327 2519 359 120.

1862 382 1921 419 bis
1938 402 1946 411 ·
1977 379 2006 401 ⁴²
2019 381 2096 419 Sed
2114 394 2187 421 uae

1861 444 1975 483 uobis
1995 443 2121 482 farisei
2138 465 2147 474 ·
2188 445 2255 495 qui

1861 506 2061 545 decimatis
2086 511 2219 544 menta¹

1861 575 1898 607 et
1916 575 2041 607 rutam
2061 575 2098 607 et
2117 581 2236 607 omne

1860 630 1974 669 holus
1987 652 1996 661 ·
2044 638 2082 670 et
2102 632 2240 682 preteri

1857 693 1905 731 tis
1924 693 2108 732 iudicium
2128 701 2165 733 et
2185 695 2262 733 cari

1858 762 1978 796 tatem
1997 756 2036 794 di
2051 777 2060 787 ·
2105 756 2218 796 Haec

1860 820 1964 858 enim
1984 820 2155 869 oportuit
2175 819 2260 859 face

1858 894 1898 920 re
1917 889 1954 920 et
1973 882 2036 920 illa
2055 895 2136 920 non
2156 882 2254 921 omit

1858 949 1938 983 tere
1954 965 1963 974 ·
1981 965 1990 974 ·
2006 966 2014 974 ·
2050 944 2078 966 ¹³
2091 944 2175 983 Uae
2195 945 2308 984 uobis

1856 1005 1982 1044 farisei
2029 1007 2119 1057 quia
2139 1007 2206 1045 dili

1856 1069 1945 1119 gitis
1965 1069 2110 1119 primas
2130 1069 2243 1108 cathe

1855 1131 1941 1170 dras
1962 1132 2001 1170 in
2022 1133 2233 1183 synagogis

1854 1201 1892 1233 et
1908 1194 2155 1233 salutationes
2175 1195 2215 1233 in

1855 1256 1940 1296 foro
1957 1279 1966 1287 -
2007 1264 2046 1295 et
2065 1258 2215 1308 primos

1856 1320 2066 1359 discubitos
2086 1321 2126 1358 in
2147 1333 2224 1359 con

1855 1380 1966 1420 uiuiis
1983 1404 1991 1412 ·
2007 1404 2015 1412 ·
2031 1404 2039 1412 ·
2071 1383 2101 1403 44
2111 1382 2197 1421 Uae

1854 1445 1969 1483 uobis
1989 1445 2114 1483 scribe
2133 1451 2171 1483 et
2190 1445 2228 1484 fa

1853 1507 1965 1545 risaei
1983 1507 2204 1557 hypocritae
2222 1529 2230 1538 ·

1854 1570 1947 1620 quia
1966 1577 2224 1608 monumenta

1852 1632 1943 1671 estis
1991 1644 2091 1683 quae
2112 1644 2193 1671 non
2213 1645 2263 1683 ap

1849 1726 1986 1770 parent
2031 1727 2070 1759 et
2089 1720 2196 1759 homi

1854 1795 1922 1821 nes
1942 1782 2183 1821 ambulantes

1854 1857 1970 1895 supra
1988 1845 2051 1883 illa
2069 1845 2176 1883 nesci

1851 1914 1923 1945 unt
1936 1928 1945 1937 ·
1961 1928 1969 1937 ·
1985 1928 1993 1937 ·
2024 1907 2054 1927 45
2070 1906 2232 1957 Respon

1851 1969 1948 2008 dens
1968 1975 2095 2007 autem
2116 1971 2182 2019 qui

1852 2031 1944 2070 dam
1963 2044 2011 2070 ex
2031 2032 2210 2083 legisperi

1852 2095 1899 2133 tis
1916 2116 1924 2124 ·
1946 2095 1998 2132 ait
2016 2095 2094 2132 illi·
2138 2095 2263 2146 magis

1850 2163 1907 2196 ter
1926 2157 2024 2195 haec
2045 2157 2176 2196 dicens

1850 2220 1966 2258 etiam
1985 2227 2023 2258 et
2042 2220 2156 2258 nobis
2176 2232 2252 2258 con

1850 2282 2048 2320 tumeliam
2068 2282 2161 2320 facis
2178 2303 2187 2312 ·

1850 2345 1935 2383 ⁴⁶At
1946 2345 2028 2395 ipse
2044 2345 2117 2382 ait·
2146 2345 2317 2385 Etuobis

1846 2407 2076 2458 legisperitis
2098 2428 2105 2437 ·
2135 2419 2207 2446 uae
2222 2427 2232 2438 ·

1847 2470 1914 2520 qui
1934 2469 2130 2508 honeratis
2152 2469 2205 2508 ho

1848 2534 1973 2570 mines
1995 2532 2204 2570 honeribus

1844 2608 1944 2647 quae
1964 2602 2108 2645 p⁰rtare
2123 2606 2205 2633 non

1845 2664 2010 2708 possunt
2025 2679 2033 2688 ·
2076 2658 2128 2695 Et
2146 2657 2220 2708 ipsi

1845 2733 1927 2759 uno
1948 2721 2067 2771 digito
2086 2727 2215 2759 uestro

1846 2795 1928 2822 non
1947 2784 2102 2833 tangitis
2119 2803 2128 2813 ·

1845 2846 1875 2867 ⁴⁷
1891 2845 1976 2884 Uae
1987 2846 2101 2884 uobis
2115 2845 2181 2896 qui
2197 2845 2311 2884 aedifi

1842 2908 1937 2948 catis
1956 2914 2212 2947 monumenta

1842 2971 2080 3023 profetarum
2101 2993 2110 3002 ·
2140 2983 2192 3022 pa

1845 3042 1920 3074 tres
1935 3042 2065 3074 autem
2084 3034 2201 3073 uestri

2021 3110 2046 3136 N
2069 3110 2089 3136 2
