2872 3268
351 329 534 362 1¹01.198.
553 323 715 363 iuuenes
732 344 741 354 ·

559 218 645 267 134

798 322 828 345 ⁶²
840 322 893 362 At
911 322 975 362 ille

550 387 685 425 relicto
707 385 872 425 sindone

549 449 721 500 profugit
740 450 790 488 ab
810 449 865 487 eis

549 513 680 551 nudus
697 532 706 542 ·
762 511 791 533 ⁵⁸
804 509 856 549 Εἰ
875 510 926 548 ad

548 575 739 614 duxerunt
758 574 839 612 ihm

547 637 597 676 ad
616 637 832 688 principem
853 647 896 674 sa

546 700 748 739 cerdotum
762 719 771 729 ·
828 698 878 737 Et

546 768 811 802 conuenerunt

546 837 684 864 omnes
704 823 866 862 sacerdo

545 894 603 926 tes
649 893 687 925 et
707 886 854 924 scribae

544 957 583 988 et
602 949 773 988 seniores
828 948 859 969 ⁶⁴
872 948 925 987 Et

543 1018 674 1063 petrus
693 1024 716 1050 a
735 1011 854 1062 longe

543 1071 776 1125 sequebatur
799 1078 848 1112 εὖ

543 1150 667 1188 usque
683 1138 786 1175 intus
806 1136 847 1174 in

542 1201 680 1239 atrium
699 1199 821 1250 princi

541 1263 602 1313 pis
622 1262 858 1301 sacerdotu-

540 1325 592 1363 Et
611 1331 692 1363 erat
712 1324 852 1363 sedens
872 1323 904 1362 si

540 1388 621 1426 mul
641 1400 733 1427 cum
752 1387 868 1425 minis

540 1451 607 1489 tris
627 1450 861 1490 calefaciens

540 1551 581 1578 se
601 1538 650 1577 ad
669 1538 801 1589 ignem
817 1559 826 1568 ·
868 1537 898 1559 ⁵⁵
910 1537 996 1589 prin

539 1602 645 1652 cipes
669 1607 800 1639 autem
821 1613 930 1639 sacer

538 1664 676 1702 dotum
723 1669 761 1702 et
780 1663 916 1701 uniuer

539 1738 626 1764 sum
646 1726 856 1764 concilium
877 1747 884 1756 ·
915 1737 991 1776 que

538 1789 675 1827 rebant
693 1788 882 1827 aduersus
902 1783 985 1826 ihm

538 1851 805 1889 testimonium
822 1871 830 1880 ·
887 1857 930 1888 ut

538 1925 631 1951 eum
649 1914 763 1952 morti
782 1913 888 1952 trade

539 1983 626 2015 rent
681 1982 718 2015 et
738 1988 818 2014 non
839 1976 928 2014 inue

539 2041 698 2080 niebant
711 2060 719 2069 ·
735 2060 744 2070 ·
802 2039 830 2060 ⁵⁶
841 2038 952 2077 multi

539 2110 670 2142 autem
689 2102 829 2140 falsum
848 2101 934 2140 testi

539 2166 715 2204 monium
734 2165 915 2203 dicebant

539 2228 724 2267 aduersus
744 2239 835 2266 eum
848 2247 857 2256 ·

539 2289 827 2329 Conuenientia
846 2291 933 2327 aute

538 2353 761 2391 testimonia
780 2363 862 2390 non
881 2357 961 2390 erat

539 2416 568 2437 ⁵⁷
581 2416 634 2454 Et
653 2416 716 2454 alii
736 2420 937 2465 surgentes

539 2478 680 2517 falsum
699 2476 922 2516 testimonii-1

541 2542 720 2579 dicebant
740 2540 924 2578 aduersus

1478 207 1643 249 SEC··

1053 321 1245 360 dicentem
1290 322 1379 372 Ego

1053 385 1206 423 soluam
1226 384 1303 423 hoc
1324 391 1402 423 tem

1051 446 1159 496 plum
1178 459 1298 485 manu
1319 446 1422 486 facti-1

1050 507 1102 546 Et
1122 515 1210 559 post
1231 509 1400 547 triduum

1050 571 1155 610 aliud
1173 572 1388 612 aedificabo

1049 646 1132 672 non
1151 635 1332 674 manibus
1350 635 1412 675 fac

1048 703 1149 735 tum·
1165 719 1172 728 ·
1190 697 1276 737 ⁵⁹Et
1291 711 1363 737 nec
1380 699 1430 737 sic
1442 706 1518 738 erat

1049 761 1291 800 conueniens
1310 762 1399 800 testi

1047 823 1227 861 monium
1246 824 1399 862 illorum
1415 845 1424 855 ·

1046 884 1076 907 ⁶⁰
1087 885 1137 924 Et
1157 897 1368 937 exsurgens
1387 887 1475 937 prin

1047 960 1140 998 ceps
1160 949 1409 988 sacerdotum

1047 1011 1087 1049 in
1107 1011 1281 1050 medium
1299 1013 1440 1052 interro

1045 1075 1163 1124 gabat
1182 1075 1263 1113 ihm
1283 1075 1417 1115 dicens

1047 1148 1129 1175 non
1148 1138 1354 1188 respondis
1374 1138 1425 1177 ad

1045 1211 1091 1237 ea
1112 1212 1212 1251 quae
1233 1201 1301 1239 tibi
1321 1201 1481 1240 obiciun

1044 1268 1106 1300 tur
1125 1263 1174 1301 ab
1193 1263 1255 1301 his
1272 1284 1281 1294 ·
1338 1264 1365 1285 ⁸¹
1380 1264 1442 1303 ille
1462 1277 1512 1303 au

1045 1330 1125 1363 tem
1150 1332 1284 1365 tacens
1303 1326 1399 1364 nihil

1045 1389 1246 1438 respondit
1291 1396 1329 1428 et
1349 1390 1440 1428 dicit

1044 1451 1080 1489 ei
1099 1451 1280 1502 princeps
1301 1464 1412 1491 sacer

1044 1538 1180 1577 dotum
1197 1559 1206 1569 ·
1263 1546 1305 1578 tu
1325 1552 1368 1579 es
1388 1543 1461 1591 xps

1043 1601 1144 1639 filius
1163 1602 1356 1641 benedicti
1369 1623 1378 1632 ·

1042 1663 1071 1685 ⁶²
1083 1664 1150 1703 Ihs
1170 1671 1300 1703 autem
1318 1677 1462 1716 respon

1042 1726 1138 1765 dens
1159 1727 1254 1766 dixit
1273 1727 1324 1765 illi
1378 1740 1455 1779 ego

1043 1802 1130 1828 sum
1146 1811 1155 1819 ·
1212 1790 1264 1828 Et
1282 1790 1463 1830 uidebitis

1042 1852 1161 1890 filium
1181 1852 1349 1892 hominis
1369 1853 1420 1891 ad

1043 1915 1218 1953 dextram
1238 1916 1396 1955 sedente

1042 1978 1192 2016 uirtutis
1213 1999 1223 2008 ·
1279 1984 1318 2017 et
1336 1979 1479 2017 uenien

1043 2047 1122 2079 tem
1142 2053 1234 2079 cum
1253 2042 1422 2080 nubibus

1043 2102 1136 2141 caeli
1152 2123 1161 2133 ·
1210 2103 1236 2124 ⁶⁸
1249 2103 1387 2142 Adhac
1407 2104 1494 2154 prin

1043 2177 1135 2215 ceps
1155 2165 1400 2204 sacerdotum

1043 2227 1154 2266 scidit
1173 2229 1404 2267 uestimenta

1042 2289 1114 2328 sibi
1131 2310 1139 2319 ·
1196 2296 1234 2328 et
1253 2291 1304 2328 ait
1323 2291 1416 2341 quid
1435 2292 1486 2330 ad

1042 2351 1119 2390 huc
1139 2351 1405 2391 desideramus

1041 2420 1157 2452 testes
1173 2435 1182 2444 ·
1240 2415 1269 2435 ⁶⁴
1280 2415 1439 2454 audistis

1041 2476 1282 2516 blasfemiam
1301 2479 1384 2517 eius
1398 2499 1407 2508 ·

1042 2538 1150 2586 Quid
1169 2541 1282 2579 uobis
1302 2541 1453 2579 uidetur
1468 2563 1477 2572 ·

541 2616 632 2642 eum
651 2604 821 2642 dicentes
836 2623 846 2632 ·
875 2601 1006 2652 ⁵²³qu
1041 2601 1093 2640 Et
1112 2614 1250 2641 omnes
1270 2604 1439 2644 condem

541 2678 614 2704 nos
633 2666 851 2705 audiuimus
870 2672 952 2703 eu-

1039 2672 1229 2707 nauerunt
1251 2679 1343 2706 eum

2241 217 2351 261 [XIV.
2368 222 2515 263 sr-XV.
2530 231 2571 263 5..

1595 334 1704 361 reum
1724 335 1810 362 esse
1829 324 1965 362 mortis
1981 345 1990 355 ·

1592 384 1622 406 ⁶⁵
1633 385 1684 423 Et
1703 393 1916 437 coeperunt
1934 386 2002 438 qui

1591 448 1683 486 dam
1702 461 1917 499 conspuere

1591 523 1682 549 eum
1702 518 1740 550 et
1760 513 1909 562 operire

1589 573 1730 612 faciem
1750 574 1834 614 eius
1881 581 1919 614 et
1939 587 1989 614 co

2092 325 2223 376 coepit
2241 324 2425 366 deuotare

2092 393 2130 426 et
2149 387 2274 427 dicere
2294 389 2386 439 quia
2404 401 2466 428 ne'

2092 450 2174 489 scio
2194 450 2394 490 hominem
2414 452 2489 491 istu

2091 525 2210 564 quem
2229 513 2370 553 dicitis·
2410 515 2484 554 ⁷²et
2499 522 2558 555 sta

2089 576 2159 613 tim
2179 576 2318 614 iterum
2337 577 2460 627 gallus

1589 636 1714 687 laphis
1733 649 1850 688 agere
2089 639 2261 677 cantauit
2274 660 2283 669 ·
2301 661 2309 669 -
2367 646 2461 679 tunc

1587 712 1679 738 eum
1693 721 1702 730 ·
1759 701 1810 738 Et
1830 700 1956 739 dicere
1976 701 2012 740 ei
2089 709 2418 741 commemoratus

1587 762 1775 812 profetiza
1788 784 1797 793 ·
1854 763 1906 802 Et
1925 765 1980 802 mi
2088 770 2147 802 est
2166 771 2298 814 petrus
2343 766 2466 804 uerbfi

2088 826 2196 876 quod
2216 827 2363 865 dixerat
2382 828 2417 866 ei
2437 828 2497 868 ihs

2088 889 2180 939 quia
2198 889 2427 940 priusquam

2086 951 2212 1002 gallus
2233 959 2361 991 cantet
2380 959 2436 992 ter

1586 825 1693 863 nistri
1712 838 1801 864 cum
1820 826 1914 865 uolfi

1585 894 1662 927 tate
1682 888 1801 938 alapis
1823 889 1918 928 cede

1585 950 1680 989 bant
1698 963 1791 989 eum
1805 972 1814 981 ·
1872 952 1900 973 ⁶⁶
1914 952 1966 991 Et
1985 956 2035 991 οῦ

1584 1020 1689 1052 esset
1708 1019 1840 1064 petrus
1861 1015 1901 1052 in
1921 1027 1944 1054 a
2087 1026 2151 1052 me
2170 1016 2332 1065 negabis
2345 1036 2354 1046 ·
2412 1023 2450 1056 et
2469 1028 2540 1056 coe

1583 1076 1656 1114 trio
1676 1076 1781 1115 uenit
1800 1077 1849 1115 ad
1868 1082 1918 1116 esi
2085 1077 2142 1127 pit
2161 1077 2251 1116 flere
2270 1096 2325 1113 m
2349 1097 2404 1114 ψ

1582 1150 1663 1178 una
1681 1151 1730 1178 ex
1749 1140 1897 1179 ancillis
1917 1142 2004 1191 prin
2053 1139 2075 1164 *
2088 1139 2553 1182 15.¹Etconfestimmane

1583 1201 1677 1251 cipis
1697 1202 1941 1242 sacerdotum
1957 1225 1966 1234 ·
2053 1202 2075 1227 '¹‘
2090 1203 2297 1242 consilium
2316 1204 2488 1244 fecerunt

1582 1263 1610 1284 ⁶⁷
1622 1263 1672 1302 Et
1691 1276 1783 1302 cum
1802 1265 1961 1305 uidisset
1979 1279 2029 1317 pe
2051 1265 2072 1289 *
2087 1265 2280 1316 principes
2299 1279 2410 1305 sacer

1581 1332 1683 1365 trum
1702 1327 1914 1366 calefacien
2085 1327 2222 1366 dotum
2269 1342 2358 1368 cum
2379 1331 2487 1369 senio

1582 1396 1661 1428 tem
1681 1402 1722 1428 se
1779 1391 1971 1441 aspiciens
2084 1391 2190 1429 ribus
2209 1397 2247 1429 et
2265 1393 2400 1431 scribis

1582 1453 1632 1491 ait
1651 1453 1726 1490 illi·
1784 1459 1822 1492 et
1842 1461 1883 1492 tu
1903 1466 1995 1493 curn
2086 1460 2124 1492 et
2142 1454 2325 1494 uniuerso
2345 1455 2512 1495 concilio

2084 1541 2136 1580 Et
2154 1542 2329 1581 uinctum
2347 1543 2429 1582 ihm
2449 1544 2529 1583 dux

2085 1611 2196 1643 erunt
2215 1605 2254 1643 in
2275 1606 2416 1644 atrium

2084 1673 2123 1705 et
2141 1667 2378 1707 tradiderunt
2396 1669 2438 1719 pi

2083 1729 2161 1768 lato
2178 1751 2186 1760 ·
2244 1731 2258 1753 ²
2269 1731 2321 1769 Et
2339 1732 2482 1770 interro

2082 1793 2189 1842 gauit
2208 1805 2299 1832 eum
2317 1794 2459 1844 pilatus

2083 1855 2148 1893 Tu
2166 1868 2208 1894 es
2226 1869 2295 1895 rex
2314 1857 2430 1896 iudeo

1580 1540 1647 1578 ihu
1667 1553 1864 1580 nazoreno
1883 1554 1968 1581 eras

1581 1603 1607 1624 ⁶⁸
1624 1610 1662 1642 at
1682 1603 1743 1642 ille
1763 1605 1922 1654 negauit
1943 1605 1982 1644 di

1582 1679 1674 1706 cens
1730 1679 1859 1717 neque
1880 1668 1962 1707 scio

1581 1742 1710 1780 neque
1725 1731 1819 1768 noui
1835 1731 1930 1781 quid
1942 1731 2049 1771 dicas

1580 1791 1631 1830 Et
1651 1792 1741 1831 exiit
1761 1792 1861 1831 foras
1881 1800 1969 1832 ante

1579 1854 1720 1893 atrium
1738 1862 1776 1893 et
1794 1855 1921 1905 gallus

1579 1917 1752 1956 cantauit
1767 1939 1776 1948 ·
1835 1918 1864 1939 ⁶⁹
1875 1918 2014 1958 iterum
2081 1930 2168 1956 rum
2184 1939 2193 1949 ·
2250 1926 2289 1957 at
2308 1919 2370 1958 ille

1579 1985 1708 2019 autem
1728 1992 1819 2019 cum
1838 1981 1936 2019 uidis
2080 1982 2324 2031 respondens
2342 1983 2395 2021 ait

1579 2048 1636 2080 set
1655 2055 1746 2081 eum
1765 2043 1903 2082 ancilla
1916 2065 1926 2074 ·
2081 2050 2123 2082 tu
2143 2044 2238 2083 dicis
2251 2066 2260 2075 ·
2316 2045 2330 2066 ⁸
2342 2045 2394 2084 Et
2413 2058 2510 2085 accu

2081 2107 2218 2145 sabant
2237 2119 2327 2146 eum
2348 2109 2434 2158 prin

2081 2169 2189 2220 cipes
2209 2171 2414 2209 sacerdotii

1579 2105 1707 2155 coepit
1726 2106 1851 2144 dicere
1871 2107 1976 2146 circfi

1579 2168 1767 2207 stantibus
1823 2170 1914 2219 quia
1932 2170 1995 2208 hic

1580 2243 1628 2268 ex
1649 2231 1719 2269 illis
1739 2238 1798 2270 est
1814 2252 1822 2261 ·
1870 2231 1900 2253 ⁷⁰
1912 2239 1951 2271 at
1970 2231 2030 2270 ille
2081 2232 2201 2270 multa
2215 2253 2223 2262 ·
2280 2232 2295 2253 ⁴
2310 2233 2450 2283 pilatus

1577 2305 1709 2331 rursus
1729 2294 1887 2343 negauit
1900 2315 1909 2324 ·
2079 2301 2209 2332 autem
2227 2296 2370 2334 interro

1578 2354 1629 2393 Et
1645 2362 1732 2406 post
1751 2357 1933 2406 pusillum
1951 2358 2045 2396 itera
2079 2357 2187 2406 gauit
2206 2369 2297 2396 eum
2315 2358 2411 2397 iteri]

1577 2423 1618 2456 to
1675 2419 1742 2468 qui
1762 2419 1916 2458 stabant
1936 2420 2025 2458 dixe
2080 2419 2213 2459 dicens
2269 2433 2350 2459 non
2370 2434 2432 2461 res

1578 2487 1667 2518 runt
1686 2488 1795 2531 petro
1851 2494 1938 2521 uere
1957 2495 2007 2520 ex
2078 2483 2221 2532 pondis
2240 2483 2458 2535 quidqua-·

1577 2543 1649 2581 illis
1669 2556 1711 2583 es
1767 2557 1858 2582 nam
1877 2551 1914 2583 et
1932 2545 2043 2595 galile
2079 2544 2200 2583 Uides
2220 2553 2365 2597 quanta
2384 2553 2421 2586 te
2441 2560 2487 2588 ac

1576 2618 1622 2644 us
1642 2619 1684 2645 es
1735 2613 1773 2646 et
1792 2607 1959 2658 loquella
1977 2614 2045 2648 tua
2080 2616 2237 2647 cussant
2254 2630 2261 2639 ·
2320 2610 2334 2631 ⁵
2348 2610 2415 2650 Ihs
2435 2624 2485 2650 au

1577 2669 1710 2708 similis
1729 2676 1810 2710 est·
1839 2671 1866 2693 ⁷¹
1879 2671 1940 2710 ille
1955 2677 2022 2711 aut
2081 2677 2159 2710 tem
2179 2671 2271 2711 nihil
2289 2673 2454 2725 amplius

2576 329 2661 370 ποι,
2675 330 2770 365 199..
