2872 3268
110 317 194 351 rol.
205 318 287 351 1⁸4.

321 203 366 238 X.
384 205 519 246 35—XI.
535 202 585 246 9.]

320 319 379 353 ter
420 313 602 352 uolumus

318 381 361 414 ut
379 388 630 427 quocumque

318 438 542 488 petierimus

317 506 464 550 prestes
483 501 598 539 nobis
612 520 622 530 ·

317 562 346 584 ⁸⁶
358 564 410 601 At
429 563 492 601 ille
512 563 607 601 dixit
627 562 683 601 eis
697 582 737 592 ι-

317 625 410 676 quid
429 625 543 664 uultis
563 624 601 663 fa

317 688 419 726 ciam
438 687 552 725 uobis
565 707 574 717 ·

315 749 346 771 ³⁷
357 750 424 800 qui
442 749 621 788 dixerunt

317 812 369 851 da
388 812 503 851 nobis
517 833 526 842 -
569 818 611 850 ut
631 823 657 850 u

315 886 389 913 nus
409 874 459 913 ad
478 874 611 913 dextra

314 943 422 976 tuam
460 942 499 975 et
512 936 608 976 alius

314 1000 366 1039 ad
386 999 577 1038 sinisstram

314 1061 519 1100 sedeamus
540 1062 580 1099 in

313 1124 435 1175 gloria
454 1130 520 1162 tua
540 1145 550 1154 ·
580 1123 608 1145 ³⁸
622 1123 673 1162 At

314 1187 375 1226 ihs
392 1185 634 1237 respondens

314 1249 411 1288 dixit
429 1249 523 1287 illis·
554 1260 605 1288 ne

314 1311 419 1350 scitis
438 1311 532 1362 quid
550 1323 602 1362 pe

314 1374 402 1413 tatis
418 1395 427 1404 ·
471 1373 636 1412 Potestis

313 1437 444 1476 bibere
465 1436 618 1475 calice*

313 1504 431 1551 quem
445 1511 521 1549 ego
536 1499 615 1537 bibi

311 1568 418 1601 turus
438 1573 524 1600 sum
537 1582 546 1592 -

311 1655 377 1688 aut
394 1649 631 1700 baptismum

313 1712 420 1764 quod
439 1723 515 1762 ego
534 1712 643 1762 bapti

311 1787 380 1813 zor
421 1775 604 1826 baptizari
618 1795 627 1805 ·

312 1837 342 1859 ³⁹
355 1836 409 1876 At
428 1837 480 1876 illi
499 1837 670 1877 dixerunt

310 1891 498 1951 posumus
511 1921 521 1931 ·

310 1963 378 2002 Ait
397 1963 469 2002 illis
483 1963 542 2002 ihs
557 1984 566 1993 ·

309 2037 396 2065 cem
414 2026 575 2076 quidem

307 2099 426 2138 quem
444 2100 520 2138 ego
540 2088 630 2127 bibe

306 2163 352 2190 ro
370 2149 509 2189 bibetis
523 2171 532 2181 ·

306 2219 344 2252 et
363 2213 600 2263 baptismum

306 2275 413 2327 quod
431 2287 508 2325 ego
527 2274 636 2325 bapti

306 2348 374 2376 zor
412 2337 621 2388 baptizami

307 2399 370 2436 ni·
400 2399 429 2421 ⁴⁰
441 2399 575 2438 sedere
594 2411 644 2438 au

306 2467 386 2499 tem
405 2461 456 2499 ad
480 2461 647 2500 dextra-

306 2534 437 2561 meam
453 2543 462 2553 ·
504 2523 567 2561 uel
586 2522 636 2561 ad

308 2585 500 2623 sinistram
514 2604 523 2615 ·
565 2596 645 2623 non

306 2653 365 2685 est
383 2657 514 2687 meum
534 2646 623 2685 dare

306 2709 375 2748 sed
395 2709 536 2759 quibus
554 2720 608 2758 pa

305 2778 431 2809 ratum
449 2777 529 2808 est·

304 2831 333 2855 ⁴¹
347 2833 440 2880 Quo
459 2832 589 2870 audito
609 2836 693 2870 cete

303 2896 335 2933 ri
355 2895 492 2934 decem
514 2894 624 2944 indig

610 1962 695 2002 Cali

1206 197 1408 238 MARC-
1433 219 1441 228 ·

822 314 902 352 nati
922 320 1011 354 sunt
1050 313 1099 353 de
1118 314 1156 353 ia

822 377 923 415 eobo
943 383 981 416 et
999 376 1170 415 iohanne

821 438 850 461 ⁴²
866 439 932 477 Ihs
952 445 1082 478 autem
1102 451 1234 479 conuo

821 501 915 540 catis
935 501 1005 539 illis
1048 502 1139 540 dicit

820 563 875 601 eis
889 584 898 593 ·
941 563 1053 602 Scitis
1072 563 1180 614 quod

819 625 859 663 hi
879 626 944 676 qui
962 626 1140 664 uidentur

820 688 1026 738 principari
1046 700 1124 738 gen

819 750 921 789 tibus
964 750 1151 789 dominan

819 818 879 850 tur
898 824 1033 850 eorum
1049 833 1058 842 ·
1099 812 1150 851 Et

819 874 985 912 maiores
1004 885 1140 912 eorum

818 942 1049 986 potestatem
1069 937 1134 975 illo

817 1010 903 1036 rum
922 998 1068 1036 habent
1084 1019 1093 1028 ·

816 1060 845 1082 ⁴³
858 1060 953 1099 Non
972 1061 1025 1100 ita
1044 1061 1114 1100 erit
1132 1060 1172 1099 in
1191 1073 1243 1100 uo

816 1123 874 1162 bis
888 1143 897 1153 ·
941 1123 1018 1161 Sed
1038 1123 1103 1173 qui

817 1197 984 1236 cumque
1003 1186 1120 1224 uolue

816 1248 863 1286 rit
905 1248 1028 1286 maior
1047 1260 1133 1287 esse

816 1311 856 1348 in
874 1311 987 1349 uobis
1030 1311 1099 1349 erit

814 1379 943 1411 uester
962 1373 1134 1411 minister

814 1435 844 1456 ⁴⁴
856 1434 907 1472 Et
929 1436 1187 1486 quicumquae

813 1497 976 1536 uoluerit
995 1498 1034 1535 in
1053 1509 1105 1536 uo

814 1560 871 1598 bis
892 1561 1039 1611 primus
1059 1572 1144 1600 esse

814 1649 884 1687 erit
903 1649 1079 1687 omnium
1099 1660 1160 1686 ser

814 1723 887 1750 uus
901 1732 910 1741 ·
939 1711 969 1732 ‘²⁵
981 1709 1085 1748 Nam
1104 1717 1143 1748 et
1163 1710 1214 1748 fili

813 1786 859 1812 us
878 1773 1046 1812 hominis
1066 1785 1146 1812 non

814 1837 919 1875 uenit
937 1836 1142 1874 ministrari

815 1899 883 1938 sed
903 1899 1116 1937 ministrare

812 1968 850 2000 et
870 1961 961 2000 dare
980 1961 1150 2000 animam

813 2036 923 2062 suam
942 2023 1131 2061 redemtio

811 2099 903 2125 nem
924 2099 994 2137 pro
1014 2085 1212 2123 multis—

878 2166 931 2182 »ἢ
984 2165 1039 2183 Φ
1094 2164 1148 2182 Φ

962 2210 1002 2242 de
1022 2220 1101 2242 ceco

776 2263 795 2287 *
808 2264 836 2286 ⁴⁶
847 2263 898 2302 Et
917 2264 1077 2302 ueniunt
1096 2263 1134 2300 in
1155 2261 1194 2300 hi

777 2326 796 2348 *
809 2327 924 2366 ierico
938 2347 948 2356 ·
992 2332 1030 2364 et
1048 2327 1146 2376 profi

777 2388 796 2410 ¹¹¹
809 2389 968 2427 ciscenti
988 2401 1035 2428 eo
1056 2389 1147 2428 inde

808 2463 898 2490 cum
921 2451 1117 2501 discipulis

807 2513 885 2551 suis
899 2533 908 2543 ·
948 2519 986 2552 et
1000 2513 1111 2551 turba

806 2574 970 2624 plurima
985 2595 994 2605 ·
1036 2575 1134 2613 filius

806 2636 944 2674 timeae
959 2636 1134 2675 baritime

806 2710 850 2736 as
870 2710 1010 2736 caecus
1027 2719 1035 2728 -
1078 2698 1178 2736 Sede

806 2760 872 2798 bat
891 2772 1002 2798 secus
1021 2760 1125 2799 uiam

805 2821 1032 2860 mendicans
1049 2842 1058 2851 ·

804 2881 834 2905 ⁴⁷
846 2883 897 2921 Et
915 2883 1075 2922 audiens
1095 2883 1184 2934 quia

806 2945 864 2984 ihs
884 2953 1095 2985 nazorenus
1115 2953 1171 2985 est

1358 315 1486 366 coepit
1506 314 1674 354 clamare

1358 384 1396 416 et
1412 378 1540 416 dicere
1557 399 1566 408 ·
1607 378 1662 416 fili

1358 440 1475 479 dauid
1494 441 1559 479 ihu
1579 441 1678 479 mise

1356 515 1439 541 rere
1463 503 1562 542 mei·
1592 503 1671 542 ⁴⁸et
1689 503 1730 541 in

1357 565 1568 615 crepabant
1586 577 1676 604 eum

1356 627 1465 666 multi
1483 634 1525 666 ut
1543 634 1687 667 taceret

1355 689 1409 727 At
1428 689 1490 728 ille
1510 690 1631 728 multo
1650 702 1716 729 ma

1355 752 1414 802 gis
1429 752 1621 791 clamabat

1355 814 1407 852 fili
1427 814 1543 853 dauid

1354 877 1536 916 miserere
1556 877 1633 916 mei

1354 939 1383 960 4⁹
1397 939 1449 978 Et
1468 946 1574 978 stans
1593 940 1652 978 ihs
1671 940 1729 979 ius

1354 1001 1402 1039 sit
1420 1014 1509 1040 eum
1528 1002 1682 1041 uocari·

1354 1063 1413 1101 Illi
1433 1070 1561 1102 autem
1582 1065 1669 1103 dixe

1353 1132 1441 1164 runt
1461 1138 1579 1165 caeco
1622 1126 1686 1165 ani

1353 1188 1532 1238 mequior
1550 1194 1635 1228 esto

1353 1261 1467 1300 surge
1487 1257 1601 1289 uocat
1620 1257 1657 1289 te
1673 1272 1681 1281 ·

1352 1312 1382 1333 ⁵⁰
1394 1312 1446 1350 At
1465 1313 1525 1351 ille
1545 1313 1706 1352 dimisso

1350 1375 1582 1414 uestimento
1601 1386 1671 1413 suo

1351 1437 1470 1475 exiliit
1511 1444 1548 1475 et
1566 1449 1615 1475 ue

1351 1500 1406 1538 nit
1426 1499 1476 1538 ad
1496 1499 1575 1537 ihm
1616 1497 1644 1521 ⁵¹
1657 1499 1708 1538 Et

1350 1562 1593 1613 respondens

1348 1649 1400 1687 illi
1420 1650 1478 1688 ihs
1502 1649 1598 1688 dixit

1350 1712 1442 1763 quid
1461 1714 1520 1750 uis
1539 1713 1608 1751 tibi
1627 1711 1701 1751 faci

1350 1785 1414 1813 am
1431 1796 1439 1805 ·
1481 1786 1619 1814 caecus
1639 1778 1726 1813 aute

1349 1837 1443 1876 dixit
1463 1838 1519 1876 ei·
1562 1837 1673 1875 rabbi

1347 1906 1389 1938 ut
1407 1899 1562 1938 uideam
1576 1920 1584 1930 ·
1615 1898 1644 1920 ⁵²
1656 1905 1693 1938 et
1712 1899 1772 1939 ihs

1349 1962 1445 2001 dixit
1485 1962 1586 2000 uade
1605 1961 1702 2000 fides

1346 2030 1412 2062 tua
1432 2032 1469 2063 te
1489 2024 1651 2063 saluauit
1665 2045 1673 2054 ·

1346 2086 1397 2125 Et
1418 2086 1623 2125 confestim
1641 2086 1738 2125 uidit

1278 2177 1280 2179 »
1345 2155 1383 2187 et
1403 2155 1554 2187 secutus
1572 2155 1631 2187 est
1650 2148 1714 2187 ills:

1367 2211 1446 2243 Ιιῖοε
1481 2210 1633 2243 dominee
1648 2211 1682 2242 in
1699 2210 1790 2242 oliuo

1345 2263 1384 2301 in
1396 2263 1459 2301 uia
1473 2285 1500 2293 --
1532 2267 1588 2301 11.
1603 2262 1705 2305 ¹†Et
1721 2275 1811 2301 cum

1345 2326 1673 2376 adpropinquaret

1344 2388 1603 2438 hierosolyma

1343 2457 1380 2489 et
1400 2450 1579 2500 bethfage
1598 2470 1608 2480 ·
1647 2449 1700 2488 Et

1342 2512 1524 2551 bethania
1564 2511 1614 2550 ad
1632 2523 1727 2550 mon

1341 2580 1421 2613 tem
1441 2574 1571 2612 oliueti
1585 2594 1594 2604 ·

1341 2637 1464 2674 mittet
1476 2636 1575 2674 duos
1593 2648 1643 2674 ex

1341 2698 1536 2748 discipulis
1552 2698 1630 2736 suis

1340 2758 1354 2779 ²
1368 2766 1407 2798 et
1426 2760 1476 2797 ait
1495 2759 1566 2797 illis
1582 2779 1591 2789 ·
1635 2759 1692 2798 Ite
1711 2759 1751 2798 in

1342 2821 1544 2860 castellum
1575 2821 1642 2871 qui

1341 2890 1398 2922 est
1416 2890 1552 2922 eontra
1570 2895 1642 2922 uos
1658 2904 1668 2914 ·

1339 2953 1377 2985 et
1393 2946 1628 2985 introeuntes

2251 207 2329 251 127

1863 314 1992 354 statim
2011 314 2166 354 inuenie

1860 377 1908 416 tis
1950 377 2099 428 pullum
2114 377 2192 427 liga

1859 445 1942 478 tum
1984 451 2100 490 super
2119 443 2195 490 que

1859 514 1977 540 nemo
1998 501 2126 540 adhuc
2147 502 2198 540 ho

1858 565 2008 602 minum
2029 565 2128 603 sedit
2143 585 2196 593 —-

1860 626 2004 665 Soluite
2024 626 2130 664 illum
2150 633 2189 665 et

1858 689 2037 727 adducite
2055 710 2063 719 ·
2093 687 2107 710 ⁸
2118 689 2170 727 Et
2184 689 2217 728 si

1856 752 1943 801 quis
1964 751 2076 790 uobis
2096 751 2187 790 dixe

1855 814 1902 852 rit
1922 813 2014 864 quid
2034 814 2110 852 hoc
2130 813 2204 853 faci

1855 876 1903 914 tis
1917 896 1926 906 ·
1967 876 2081 914 dieite
2101 877 2191 926 quia

1856 938 1936 977 (1ῆο
1957 938 2150 977 necessari

1855 1012 1901 1039 us
1921 1007 1979 1039 est
1995 1021 2004 1030 ·
2046 1006 2085 1038 et
2106 1001 2213 1039 conti

1855 1074 1936 1100 nuo
1956 1062 2063 1100 illum
2082 1063 2196 1101 remit

1854 1130 1907 1163 tet
1927 1123 2024 1163 huc·
2055 1124 2133 1163 ‘Et
2153 1126 2226 1164 abe

1854 1193 1966 1225 untes
1985 1187 2218 1226 inuenerunt
2259 1220 2261 1223 .

1854 1249 2004 1299 pullum
2023 1249 2184 1299 ligatum

1855 1317 1944 1349 ante
1965 1311 2122 1350 ianuam
2143 1311 2183 1351 fo

1853 1373 1904 1412 ris
1924 1374 1964 1411 in
1983 1374 2143 1411 transitu

1853 1441 1890 1473 et
1910 1436 2107 1474 soluerunt
2126 1440 2174 1474 εὖ
2187 1456 2196 1466 ·

1851 1496 1865 1518 ⁶
1878 1497 1927 1535 Et
1940 1497 2098 1548 quidam
2118 1498 2166 1536 de
2185 1498 2259 1536 illic

1851 1561 2038 1598 stantibus
2054 1560 2144 1598 dixe

1848 1654 1936 1685 runt
1955 1647 2027 1686 illis
2045 1669 2053 1678 ·
2095 1647 2189 1697 quid

1849 1709 1971 1748 facitis
2011 1710 2205 1749 soluentes

1848 1772 2018 1822 pullum·
2049 1772 2127 1811 ⁶At
2146 1773 2171 1810 il

1847 1834 1872 1871 li
1892 1834 2070 1873 dixerunt
2089 1835 2145 1873 eis
2161 1857 2170 1868 ·

1849 1896 1954 1935 Sicut
1974 1897 2121 1936 dixerat
2140 1897 2166 1935 il

1845 1959 1891 1997 lis
1912 1959 1970 1997 ihs
2012 1966 2049 1997 et
2069 1960 2192 2009 permi

1846 2027 1975 2060 serunt
1993 2022 2065 2060 illis
2079 2043 2150 2052 ·—·

1845 2083 1920 2122 ⁷Et
1939 2084 2155 2122 aduxerunt
2175 2084 2242 2134 pul

1844 2146 1925 2184 lum
1944 2147 1994 2185 ad
2013 2146 2094 2184 ihm
2110 2168 2118 2176 ·
2224 2149 2229 2153 ’

1844 2208 1894 2247 Et
1913 2209 2164 2259 inposuerunt

1845 2271 2076 2310 uestimenta
2109 2278 2147 2309 et

1846 2334 1943 2372 sedit
1959 2346 2073 2383 super
2087 2337 2135 2371 esi

1844 2396 1857 2416 ⁸
1869 2394 1920 2434 Et
1939 2396 2049 2434 multi
2068 2396 2259 2435 uestimen

1843 2464 1881 2496 ta
1901 2470 1970 2496 sua
1990 2465 2116 2496 sterne

1842 2520 1937 2571 bant
1956 2520 1995 2557 in
2014 2520 2078 2558 uia
2094 2541 2102 2550 ·
2146 2518 2223 2558 Alii

1840 2588 1970 2620 autem
1989 2581 2146 2620 frondes

1841 2644 2030 2682 cedebant
2050 2644 2098 2682 de
2119 2656 2161 2683 ar

1839 2706 1996 2744 boribus
2036 2713 2073 2744 et
2092 2713 2169 2745 ster

1838 2769 1985 2806 nebant
2003 2768 2042 2806 in
2058 2768 2125 2806 uia
2141 2788 2148 2798 ·

1838 2830 1852 2852 ⁹
1865 2830 1915 2869 Et
1934 2830 1999 2881 qui
2018 2830 2219 2881 praeibant

1839 2898 1877 2932 et
1896 2893 2155 2944 sequebantur

2348 324 2431 357 1⁰01.
2447 327 2528 358 185.
