2872 3268
12 346 15 347 γ
64 319 151 353 1¹01.
164 319 249 351 250.

274 208 350 240 XX.
370 208 534 251 15—XX1.
547 205 596 248 8.]

277 314 368 353 Dr‘xe
384 336 392 345 ·
418 315 450 354 si
468 321 509 353 tu
528 314 689 364 portasti

275 377 383 415 illum
401 377 463 416 dic
483 377 577 415 mihi
595 389 622 414 u

276 440 316 478 bi
334 440 442 479 illum
461 440 623 490 posuisti

276 508 315 541 et
335 515 410 553 ego
430 503 538 540 illum
560 502 693 541 tollam
709 522 718 532 ·

276 564 306 605 ³⁶
317 565 421 604 Dicit
438 566 491 603 illi
503 565 563 603 ihs
595 564 716 612 maria
732 585 741 595 -

274 628 339 667 illa
358 640 546 668 conuersa
565 628 657 666 dicit

272 690 326 729 illi
344 691 506 730 rabboni
520 712 529 721 ·
559 690 666 741 quod

273 753 412 792 dicitur
431 754 615 804 magister
632 774 640 783 ·

273 815 304 838 ¹⁷
315 817 382 855 Ait
402 817 453 855 illi
475 817 534 855 ihs
580 816 660 855 noli
678 828 742 854 me

277 885 437 930 tangere
456 879 593 917 nondfi

277 942 436 981 ascendi
456 942 506 980 ad
525 944 634 991 patre

276 1016 410 1043 meum
427 1025 435 1034 ·
476 1003 591 1042 Uade

276 1079 372 1117 ergo
391 1067 441 1105 ad
460 1066 595 1105 fratres

278 1142 390 1169 meos
411 1136 450 1168 et
470 1130 531 1168 dic
551 1129 625 1167 illis
641 1149 650 1158 ·

278 1192 450 1231 ascendo
471 1192 522 1230 ad
541 1195 647 1242 patre

277 1267 412 1294 meum
428 1275 437 1285 ·
481 1261 519 1293 et
538 1254 588 1292 ad
606 1257 714 1304 patre

278 1325 448 1357 uestrum
463 1339 471 1348 ·
501 1317 551 1356 ad
568 1317 636 1355 dffi

279 1393 412 1420 meum
430 1387 467 1419 et
485 1380 534 1419 ad
554 1380 622 1417 dm

277 1450 451 1482 uestrum
465 1464 474 1473 ·
489 1463 498 1473 ·
528 1443 555 1466 ¹⁸
571 1441 690 1480 Uenit

273 1506 395 1545 maria
413 1505 648 1556 magdalena

318 1592 422 1625 lectio
438 1592 471 1624 in
489 1592 589 1634 plena
605 1601 706 1633 pasca

346 1644 421 1676 diae
436 1643 675 1676 dominicarum

275 1697 508 1737 adnuntians
530 1697 676 1747 discipu

275 1761 322 1799 lis
341 1759 448 1810 quod
467 1759 566 1798 uidis

277 1828 336 1861 set
356 1823 451 1861 dfim
493 1828 531 1860 et
549 1821 646 1860 haec
662 1820 728 1859 dix

278 1885 392 1924 sisset
406 1884 458 1922 illi
473 1905 482 1914 ·
511 1883 578 1925 †¹⁹
593 1884 678 1922 Iam
693 1895 743 1922 au

278 1953 360 1986 tem
378 1959 468 1986 cum
487 1954 588 1985 esset
605 1958 676 1984 ues

279 2022 374 2060 pera
392 2009 468 2048 diei
486 2009 584 2047 illius
598 2029 607 2038 -

280 2083 380 2123 quae
399 2078 458 2111 est
476 2072 601 2122 prima
620 2072 690 2110 sab

279 2134 361 2174 bati
377 2155 385 2164 -
428 2141 466 2173 et
478 2134 596 2173 osteis
611 2133 727 2172 clusis

278 2197 345 2235 ubi
365 2203 474 2235 erant
492 2196 669 2247 discipuli
689 2217 698 2226 ·

278 2266 437 2309 propter
455 2259 635 2298 timorem

279 2321 508 2360 iudaeorum
523 2342 532 2351 ·
571 2320 692 2359 Uenit

280 2383 341 2422 ihs
360 2390 399 2422 et
413 2384 513 2422 stetit
531 2384 572 2421 in
590 2382 720 2421 medio
735 2404 742 2413 -

281 2451 321 2484 et
340 2445 430 2484 dicit
448 2446 520 2485 illis
558 2457 636 2496 pax
651 2457 704 2484 uo

281 2506 342 2545 bis
357 2523 365 2532 ·
395 2505 425 2528 ²⁰
435 2514 474 2546 et
484 2507 562 2546 hoc
577 2519 665 2546 cum
682 2507 746 2545 dix

284 2569 395 2607 sisset
411 2590 420 2599 -
463 2569 634 2608 ostendit
653 2580 720 2608 ma

283 2642 357 2668 nus
377 2637 414 2669 et
432 2631 531 2669 latus
549 2631 622 2668 illis
636 2651 645 2660 ·

285 2692 422 2731 Gauisi
438 2699 528 2731 sunt
542 2699 672 2731 autem
687 2693 746 2731 dis

281 2754 398 2805 cipuli
443 2766 532 2793 cum
551 2754 653 2793 uidis

280 2822 367 2854 sent
387 2815 481 2854 dfim
495 2837 504 2846 ·
534 2814 562 2836 ²¹
574 2816 670 2854 dixit
688 2829 730 2854 er

277 2887 331 2926 go
345 2876 417 2916 illis
432 2877 528 2916 iteri-1
541 2889 618 2928 pax
634 2878 746 2917 uobis

1114 200 1261 241 IOHA
1269 192 1409 242 NNE
1421 221 1430 230 ·

777 314 876 352 sicut
894 314 998 353 misit

777 381 841 406 me
860 376 970 418 pater

776 437 815 469 et
833 443 909 481 ego
929 432 1040 470 mitto
1059 444 1133 471 uos
1150 452 1159 462 ·

776 494 805 516 ²²
819 494 932 533 Haec
953 507 1043 533 cum
1058 495 1215 534 dixisset

776 557 852 595 illis
868 577 877 587 ·
917 557 1080 596 Suflauit

777 627 816 658 et
835 620 931 659 dixit
947 641 956 649 ·
996 620 1134 671 Accipi

777 689 815 721 te
836 687 926 733 spm
945 688 1030 722 scm
1079 683 1120 721 Si

775 745 804 768 ²³
817 758 984 796 quorum
1002 746 1116 784 remis

777 808 901 847 seritis
920 815 1082 859 peccata

777 872 989 910 remittetur
1004 873 1060 910 eis
1077 893 1086 902 ·

780 933 821 971 Si
840 935 949 972 cuius
967 935 1115 973 tenueri

778 997 826 1035 tis
846 998 1099 1035 tenebuntur·

778 1057 807 1079 ²⁴
820 1059 997 1098 Thomas
1016 1066 1147 1098 autem

777 1134 878 1160 unur
896 1134 945 1160 ex
965 1122 1096 1161 duode

780 1185 857 1223 cim
877 1185 1074 1235 discipulis
1091 1206 1099 1216 ·

780 1247 861 1294 Qui
877 1248 1118 1298 cognomina

778 1317 840 1349 tur
859 1311 1040 1361 dydimus

777 1386 859 1411 non
879 1381 959 1412 erat
983 1386 1072 1412 cum
1091 1374 1117 1412 il

776 1435 822 1474 lis
835 1457 844 1466 ·
888 1436 1047 1487 quando
1067 1448 1116 1475 ue

777 1505 886 1537 nerat
911 1499 970 1538 ihs

775 1691 805 1713 ²⁵
818 1690 999 1729 dicebant
1014 1703 1107 1741 ergo
1122 1692 1174 1730 illi

777 1753 840 1791 alii
860 1753 1037 1803 discipuli
1083 1755 1123 1793 ui

777 1816 905 1854 dimus
926 1816 1021 1854 dnm
1035 1837 1043 1846 -
1083 1823 1122 1855 at
1140 1817 1202 1856 ille

778 1878 874 1917 dixit
892 1879 948 1917 eis
965 1900 973 1909 ·
1017 1880 1092 1918 nisi
1111 1880 1150 1918 ui

778 1941 873 1979 dero
892 1941 932 1978 in
951 1943 1130 1981 manibus

778 2005 859 2042 eius
877 2003 1007 2042 locum
1027 2005 1137 2044 clauo

778 2078 865 2104 rum
881 2088 890 2096 ·
929 2074 967 2105 et
986 2067 1137 2106 mittam

780 2129 943 2179 digitum
963 2142 1093 2168 meum

778 2192 819 2229 in
839 2192 968 2230 locum
988 2193 1145 2231 clauorii

779 2254 830 2293 Et
849 2255 999 2293 mittam
1019 2268 1179 2294 manum

779 2329 909 2355 meam
928 2318 967 2355 in
985 2318 1085 2356 latus
1104 2319 1185 2357 eius

779 2392 863 2418 non
882 2381 1038 2419 credam
1051 2402 1059 2410 ·

779 2443 809 2464 ²⁶
820 2442 871 2480 Et
893 2449 984 2493 post
1004 2443 1086 2482 dies
1105 2450 1197 2483 octo

780 2506 918 2543 iterum
938 2512 1045 2544 erant
1064 2506 1105 2544 in

780 2575 841 2606 tus
861 2568 901 2605 in
919 2580 1041 2605 unum
1056 2568 1152 2606 disci

780 2629 860 2679 puli
880 2630 978 2667 illius
994 2650 1003 2659 ·
1051 2636 1089 2667 et
1108 2630 1176 2668 tho

781 2703 866 2729 mas
884 2698 964 2729 erat
983 2703 1073 2729 cum
1092 2692 1164 2730 illis
1179 2713 1188 2722 -

781 2753 901 2792 Uenit
920 2753 979 2792 ihs
999 2755 1118 2792 osteis

782 2815 898 2854 clusis
914 2835 923 2845 ·
963 2815 1014 2853 Et
1035 2816 1137 2854 stetit

781 2878 821 2916 in
841 2877 971 2917 medio
991 2884 1029 2917 et
1049 2877 1144 2916 dixit

1313 327 1391 365 pax
1411 314 1524 353 uobis
1541 335 1550 344 ·
1580 313 1610 336 ²⁷
1621 314 1725 353 Dein

1313 377 1362 415 de
1383 377 1475 415 dicit
1494 377 1652 416 thomae

1311 440 1467 490 porrige
1487 439 1650 490 digitum

1310 508 1421 540 tuum
1441 502 1516 540 huc
1533 523 1542 532 ·
1586 509 1625 541 et
1643 503 1683 540 ui

1311 564 1360 602 de
1380 576 1519 603 manus
1538 577 1645 603 meas

1311 633 1349 665 et
1368 623 1462 665 affer
1479 640 1639 665 manum
1657 633 1699 666 tu

1312 701 1377 728 am
1391 710 1400 720 ·
1442 696 1480 727 et
1498 691 1605 728 mitte
1625 690 1665 728 in
1684 689 1722 729 la

1311 758 1372 791 tus
1393 764 1524 791 meum
1538 773 1547 783 ·
1588 759 1626 791 et
1645 764 1698 791 no

1311 815 1337 852 li
1357 827 1442 853 esse
1457 815 1677 853 incredulus

1312 877 1381 915 sed
1400 877 1523 916 fidelis
1539 899 1548 907 -
1577 875 1606 898 ²⁸
1621 877 1673 916 Et
1691 890 1753 917 res

1311 940 1450 989 pondit
1469 940 1624 978 thomas

1312 1009 1350 1039 et
1369 1001 1462 1039 dixit
1481 1002 1557 1040 illi.
1601 1002 1675 1041 dfis

1311 1077 1422 1103 meus
1442 1071 1479 1102 et
1499 1065 1543 1102 ds
1563 1077 1673 1103 meus
1689 1086 1698 1096 ·

1310 1128 1339 1150 ²⁹
1352 1127 1455 1165 Dicit
1474 1128 1526 1165 illi
1545 1128 1604 1166 ihs
1624 1128 1714 1178 quia

1310 1190 1441 1228 uidisti
1462 1202 1525 1229 me
1545 1196 1584 1228 et
1604 1203 1668 1229 cre

1312 1252 1442 1291 didisti
1456 1273 1464 1282 ·
1508 1253 1618 1291 Beati
1637 1253 1704 1304 qui

1311 1327 1394 1353 non
1411 1315 1591 1353 uiderunt
1604 1336 1613 1346 ·

1312 1384 1351 1416 et
1371 1377 1615 1416 crediderunt

1311 1439 1341 1460 ³⁰
1355 1439 1480 1478 Multa
1499 1440 1655 1490 quidem
1675 1446 1713 1479 et
1728 1452 1751 1479 a.

1310 1502 1361 1541 lia
1381 1503 1492 1552 signa
1506 1502 1596 1541 fecit
1610 1502 1669 1540 ihs

1313 1706 1447 1733 coram
1466 1693 1666 1744 discipulis

1313 1757 1390 1795 suis
1405 1769 1504 1807 quae
1523 1769 1605 1795 non
1624 1762 1714 1795 sunt

1314 1817 1493 1873 sc[ri]bta
1506 1820 1545 1857 in
1560 1819 1637 1858 hoc
1651 1819 1750 1858 libro
1766 1840 1775 1850 ·

1313 1882 1342 1903 ³1
1355 1882 1467 1920 Haec
1488 1888 1616 1920 autem
1636 1882 1779 1920 scribta

1314 1951 1402 1982 sunt
1419 1952 1461 1982 ut
1480 1957 1552 1983 uos
1572 1945 1689 1984 creda

1314 2007 1361 2045 tis
1376 2028 1384 2037 ·
1428 2011 1523 2057 qi’im
1542 2006 1600 2044 ihs
1620 2014 1678 2046 est

1315 2072 1389 2118 xps
1409 2069 1508 2108 filius
1528 2069 1567 2107 di
1584 2090 1593 2099 ·
1634 2076 1672 2108 et
1691 2075 1733 2108 ut

1315 2131 1515 2170 credentes
1533 2131 1653 2170 uitam

1315 2202 1511 2232 aeternam
1530 2193 1704 2233 habeatis

1314 2257 1354 2294 in
1374 2257 1532 2295 nomine
1551 2257 1632 2295 eius
1645 2274 1700 2291 »Α

1284 2317 1303 2339 *
1321 2322 1382 2357 21.
1402 2318 1414 2339 ¹
1429 2319 1571 2357 Postea
1589 2319 1753 2358 manifes

1284 2381 1303 2402 *
1320 2383 1413 2420 tauit
1433 2394 1474 2420 se
1492 2382 1628 2420 iterum

1285 2443 1304 2465 *
1321 2445 1380 2483 ihs
1399 2445 1597 2495 discipulis
1618 2445 1696 2484 suis

1314 2508 1364 2546 ad
1383 2520 1490 2545 mare
1509 2508 1644 2545 tiberia

1314 2569 1395 2608 dis·
1436 2569 1641 2608 manifesta

1312 2632 1368 2670 uit
1388 2638 1518 2670 autem
1538 2643 1579 2670 se
1600 2632 1654 2669 sic
1671 2652 1680 2662 ·

1312 2695 1327 2716 ²
1338 2693 1460 2732 Erant
1478 2694 1591 2731 simul
1610 2694 1729 2732 simon

1312 2763 1444 2806 petrus
1490 2761 1528 2794 et
1550 2757 1704 2795 thomas

1313 2818 1379 2868 qui
1399 2818 1586 2868 apellatur
1605 2819 1696 2869 dydi

1314 2892 1400 2919 mus
1416 2901 1425 2911 ·
1468 2887 1506 2920 et
1525 2881 1732 2921 nathanael

2220 211 2269 252 71

1806 326 1830 352 a
1853 325 1951 352 cana
1969 313 2129 364 galileae
2143 335 2152 345 ·

1809 383 1847 418 et
1866 377 1918 414 fili
1937 378 2097 416 zebedei
2139 377 2191 416 Et

1810 440 1874 477 alii
1894 440 1973 478 duo
1994 452 2042 478 ex
2063 437 2258 494 dis[ci]pu

1809 501 1855 540 lis
1875 502 1975 541 illius
1989 523 1998 533 ·
2038 502 2052 523 ⁸
2065 502 2172 542 Dicit
2193 503 2250 542 eis

1808 565 1937 603 simon
1955 571 2086 616 petrus
2100 578 2152 604 ua

1808 628 1860 666 do
1880 628 2030 678 piscare
2046 650 2056 659 ·
2099 629 2233 668 dicunt

1808 690 1858 728 illi
1878 692 2057 730 uenimus
2077 698 2115 730 et
2134 699 2201 730 n0s

1807 759 1938 791 tecum
1955 774 1964 783 ·
2000 752 2191 792 Exierunt

1807 822 1846 854 et
1865 817 2123 854 ascenderunt
2142 817 2183 854 in

1806 890 1950 917 nauem
1965 900 1974 909 ·
2014 879 2065 917 Et
2084 879 2125 916 in
2144 879 2208 917 illa

1807 948 1924 980 nocte
1944 942 2146 992 prehende

1808 1011 1897 1042 runt
1916 1005 2011 1042 nihil
2025 1026 2034 1035 ·
2064 1007 2078 1027 ⁴
2093 1005 2157 1043 Pri

1809 1078 1874 1105 ma
1893 1073 2023 1105 autem
2040 1067 2127 1106 luce
2140 1089 2149 1098 ·

1809 1130 1911 1167 stetit
1930 1129 1989 1167 ihs
2009 1130 2059 1169 ad
2077 1131 2166 1170 litus
2180 1152 2189 1161 ·

1810 1190 1906 1229 Non
1925 1198 2058 1230 tamen
2078 1194 2247 1233 scierunt

1810 1253 1988 1304 discipuli
2007 1256 2099 1304 quia
2118 1256 2177 1294 ihs

1811 1323 1891 1355 erat
1904 1337 1913 1346 ·
1953 1317 1968 1338 ⁵
1980 1317 2072 1356 dicit
2091 1330 2186 1368 ergo

1811 1379 1883 1417 illis
1902 1379 1961 1417 ihs
1980 1381 2088 1429 pueri
2113 1384 2168 1419 nsi

1811 1442 1904 1491 quid
1922 1442 2153 1492 pulmentari

1809 1516 1877 1542 um
1896 1504 2046 1544 habetis
2058 1526 2067 1535 ·

1811 1696 2096 1746 responderunt
2114 1697 2168 1735 illi

1812 1770 1894 1796 non
1911 1779 1919 1788 ·
1950 1759 1963 1780 ⁸
1978 1766 2016 1797 at
2035 1760 2097 1798 ille
2117 1760 2212 1800 dixit

1812 1820 1868 1859 eis
1918 1821 2053 1860 mittite
2073 1823 2112 1860 in
2133 1824 2208 1862 dex

1812 1888 1910 1920 tram
1929 1889 2077 1933 partem
2095 1887 2207 1925 nauis

1812 1946 1906 1984 retia
1924 1953 1962 1984 et
1981 1947 2184 1988 inuenietis
2201 1970 2210 1980 ·

1812 2009 1999 2047 miserunt
2018 2023 2112 2060 ergo
2133 2017 2171 2050 et

1813 2083 1896 2109 non
1916 2078 2124 2121 potuerunt
2143 2087 2184 2114 re

1812 2134 1866 2171 tia
1884 2134 2034 2173 trahere
2052 2149 2146 2186 prae

1814 2196 2058 2235 multitudine
2074 2199 2172 2248 pisci

1815 2270 1883 2296 um
1900 2279 1908 2288 ·
1939 2260 1952 2279 ⁷
1965 2259 2070 2298 Dicit
2089 2274 2183 2311 ergo

1815 2320 2024 2371 discipulus
2042 2323 2101 2361 ille
2121 2328 2198 2373 que

1816 2383 2000 2433 diligebat
2019 2385 2078 2424 ihs
2107 2386 2156 2424 ad
2175 2399 2226 2437 pe

1815 2451 1938 2483 trum·
1969 2447 2042 2485 dfis
2062 2454 2142 2486 est·
2183 2448 2225 2487 Si

1813 2519 1908 2546 mon
1929 2521 2023 2558 ergo
2044 2516 2178 2560 petrus

1811 2576 1854 2607 ut
1873 2570 2017 2608 audiuit
2035 2573 2143 2621 quod

1811 2631 1884 2671 dfis
1900 2639 1957 2671 est
1998 2635 2170 2673 tunicam

1811 2705 1853 2732 se
1873 2694 2139 2735 circumcinxit

1811 2757 1939 2796 nudus
1959 2759 2064 2797 enim
2083 2766 2164 2798 erat

1811 2825 1849 2858 et
1868 2820 1972 2858 misit
1987 2832 2028 2859 se
2048 2821 2088 2859 in
2103 2833 2210 2860 mare

1811 2881 1824 2935 ἓ
1853 2889 1872 2910 0
1914 2882 1940 2920 li
1959 2895 2011 2934 qu
2053 2895 2147 2923 uero
2167 2884 2264 2924 disci

2291 323 2374 356 1¹01.
2387 323 2467 354 251.
