2872 3268
570 228 624 269 86

371 350 452 383 1¹01.
469 351 552 383 109.
571 356 615 382 ac
638 356 733 382 sana
755 350 884 382 mente
904 343 953 382 ad

570 406 691 457 pedes
711 407 792 446 eius
839 413 877 445 et
896 406 924 444 ti

569 475 770 507 muerunt·
812 470 840 490 ³⁶
853 468 988 506 nuntia

569 538 707 570 uerunt
726 538 855 570 autem
874 531 926 569 illi

569 594 615 632 lis
635 595 700 645 qui
719 594 893 633 uiderant
906 614 915 623 ·

570 657 773 708 quomodo
793 657 921 694 saluus

570 720 694 758 factus
708 726 764 758 est
783 732 806 757 a
826 719 926 768 legio

568 794 618 820 ne
632 802 641 812 ·
683 781 713 802 ³⁷
725 781 776 819 Et
793 785 1025 831 rogauerunt

569 845 675 882 illum
696 844 823 882 omnis
845 843 927 881 mul

568 907 690 945 titudo
711 906 759 944 de
779 906 886 956 regio

567 970 626 1007 nis
645 980 919 1019 gerasenorum

567 1038 608 1069 ut
628 1032 842 1070 discederet
861 1032 911 1069 ab
930 1031 969 1082 ip

568 1096 619 1133 sis
637 1115 646 1125 ·
687 1095 777 1146 quia
795 1095 934 1134 timore

567 1169 714 1208 magno
732 1158 962 1196 tenebantur

566 1220 657 1271 Ipse
676 1227 806 1259 autem
825 1233 942 1260 ascen

565 1284 663 1322 dens
683 1284 724 1321 in
743 1295 886 1322 nauem
905 1296 946 1322 re

564 1359 700 1385 uersus
719 1353 778 1385 est
793 1367 802 1376 ·
820 1368 829 1377 ·
844 1368 853 1377 ·
879 1347 908 1368 ⁸⁸
918 1346 969 1385 Et
988 1359 1032 1386 ro

563 1410 682 1459 gabat
696 1409 803 1448 illum
822 1410 881 1448 uir
899 1422 923 1448 a

563 1484 642 1523 quo
661 1472 844 1511 demonia
862 1473 949 1512 exie

563 1542 650 1574 rant
695 1542 737 1574 ut
755 1548 847 1574 curn
861 1537 949 1587 ipso

563 1605 664 1637 esset
677 1620 686 1629 ·
705 1620 713 1629 ·
729 1619 738 1629 ·
779 1598 938 1639 Dimisit

563 1667 692 1700 autem
711 1661 817 1699 illurn
837 1662 896 1700 ihs
912 1683 922 1692 ·

563 1749 697 1789 dicens
713 1770 722 1779 ·
769 1749 798 1771 ³⁹
810 1750 891 1788 redi
911 1749 1032 1788 domu

561 1819 600 1851 et
619 1825 756 1851 enarra
775 1819 920 1863 quanta
939 1813 967 1851 ti

562 1876 601 1913 bi
621 1875 710 1913 fecit
730 1876 774 1914 ds
792 1896 800 1906 ·
840 1876 892 1913 Et
912 1876 1004 1914 abiit

561 1950 630 1988 per
648 1938 867 1976 uniuersam
889 1939 965 1977 ciui

562 2008 680 2039 tatem
700 2002 903 2051 predicans

563 2071 708 2115 quanta
722 2065 780 2102 ihs
796 2064 885 2103 fecit
896 2064 947 2102 illi
964 2085 1030 2095 ·—

1474 225 1632 266 SECD
1650 245 1658 255 ·

1072 343 1164 380 dum
1186 342 1256 379 iret
1275 341 1334 379 ihs
1351 361 1359 371 ·
1401 353 1494 391 prae

1071 406 1201 443 mebat
1219 416 1308 442 eum
1328 403 1496 453 populus
1510 423 1519 432 ·

1610 349 1810 388 synagoge
1827 357 1836 367 ·
1875 338 2009 376 dicens

1607 401 1665 438 ei·
1705 400 1795 450 quia
1814 405 1967 438 mortua

1071 465 1573 516 ⁴³Etmulierquaedamerat
1607 468 1664 501 est
1684 463 1760 500 filia
1779 469 1844 501 tua
1891 462 1971 502 noli

1071 530 1109 567 in
1131 530 1238 567 fluxu
1259 528 1460 578 sanguinis

1071 593 1120 630 ab
1140 591 1251 629 annis
1272 590 1477 629 duodecim
1492 611 1501 620 ·

1070 667 1170 706 quae
1190 654 1230 691 in
1250 653 1424 692 medicos
1443 665 1528 692 erro

1069 722 1228 768 gauerat
1246 729 1405 755 ornnem
1426 717 1498 754 sub

1070 780 1250 818 stantiam
1269 791 1380 817 suam
1399 791 1472 818 nec

1071 843 1121 881 ab
1140 842 1219 880 ullo
1238 842 1362 892 potuit
1381 854 1471 880 cura

1071 905 1102 942 ri
1118 926 1127 935 ·
1172 905 1201 926 ⁴⁴
1214 905 1376 944 accessit
1395 911 1495 944 retro
1510 927 1518 935 ·

1072 975 1110 1007 et
1127 968 1249 1018 tetigit
1268 968 1430 1007 fimbrea

1071 1031 1289 1070 uestimenti
1309 1031 1390 1069 eius
1404 1052 1413 1062 ·

1069 1094 1121 1132 Et
1140 1093 1347 1132 confestim
1367 1094 1469 1133 stetit

1068 1157 1198 1195 fluxus
1217 1157 1417 1207 sanguinis

1068 1220 1150 1258 eius
1164 1240 1173 1250 ·
1213 1219 1244 1240 ⁴⁵
1254 1226 1292 1258 et
1312 1220 1363 1258 ait
1378 1220 1438 1258 ihs
1450 1220 1536 1271 quis

1068 1294 1131 1320 me
1150 1283 1273 1333 tetigit
1285 1303 1294 1313 ·
1338 1282 1481 1333 Negan

1066 1345 1168 1384 tibus
1188 1351 1316 1384 autem
1330 1346 1481 1384 omnibs
1499 1366 1508 1376 ·

1067 1408 1162 1446 dixit
1181 1415 1311 1459 petrus
1357 1415 1394 1447 et
1413 1409 1480 1460 qui

1067 1483 1159 1510 cum
1178 1471 1243 1513 illo
1262 1478 1372 1509 erant
1385 1493 1394 1501 -
1434 1484 1502 1522 pre

1067 1540 1201 1584 ceptor
1220 1534 1353 1573 turbae
1373 1541 1409 1572 te
1430 1547 1506 1573 con

1066 1597 1237 1646 primunt
1256 1603 1335 1635 tam
1355 1609 1448 1648 mag

1066 1671 1140 1698 nae
1159 1665 1196 1697 et
1216 1659 1311 1698 dicis
1330 1661 1396 1711 qui
1415 1673 1478 1698 me

1067 1746 1188 1798 tetigit
1203 1767 1213 1777 ·
1261 1747 1343 1785 ⁴⁶At
1362 1747 1421 1786 ihs
1441 1747 1535 1786 dixit

1066 1810 1188 1859 tetigit
1207 1821 1270 1848 me
1290 1810 1425 1861 aliquis

1066 1884 1159 1910 narn
1178 1879 1215 1910 et
1234 1885 1310 1923 ego
1331 1873 1502 1924 cognoui

1065 1935 1245 1974 uirtutem
1264 1935 1312 1974 de
1332 1948 1395 1974 me

1065 1998 1190 2036 exisse
1204 2019 1213 2028 ·
1228 2019 1236 2028 ·
1252 2019 1261 2028 ·
1275 1998 1304 2020 ⁴⁷
1311 1998 1460 2037 Uidens

1066 2067 1196 2098 autem
1215 2061 1352 2099 mulier

562 2127 756 2165 ⁴⁰Factum
765 2134 821 2165 est
830 2134 958 2166 autem
966 2140 1056 2166 cum
1063 2123 1154 2174 quia
1174 2136 1256 2162 non
1275 2123 1381 2161 latuit
1400 2124 1425 2161 il

562 2190 725 2228 redisset
744 2190 802 2228 ihs
822 2191 974 2240 excepit

564 2252 671 2290 illum
691 2254 802 2291 turba
815 2273 824 2282 ·
862 2253 986 2291 Erant

563 2316 668 2354 enim
687 2328 824 2354 omnes
843 2328 965 2366 expec

561 2385 686 2417 tantes
706 2379 812 2416 illum
825 2400 834 2409 ·
849 2399 858 2409 ·
870 2400 927 2407 —

564 2440 591 2461 ⁴¹
605 2441 656 2479 Et
675 2454 766 2480 ecce
781 2441 887 2480 uenit
901 2442 959 2479 uir
971 2442 1032 2480 cui

564 2515 710 2541 nornen
729 2504 843 2543 iairus
857 2525 865 2534 ·
906 2504 958 2542 Et
976 2504 1016 2554 ip

566 2577 606 2604 se
626 2567 806 2617 princeps
826 2579 975 2618 synago

565 2640 613 2677 ge
633 2635 712 2666 erat
725 2650 733 2659 ·
774 2636 811 2667 et
830 2630 968 2668 cecidit

566 2690 615 2727 ad
634 2692 753 2740 pedes
772 2692 838 2730 ihu
856 2705 999 2743 rogans

566 2763 656 2789 eum
669 2773 678 2781 ·
722 2759 762 2790 ut
783 2755 935 2793 intraret
955 2756 994 2794 in

566 2813 727 2851 domum
745 2816 827 2853 eius
841 2837 849 2846 ·
890 2816 918 2837 ‘¹²
930 2818 1020 2868 quia

568 2874 645 2912 filia
664 2876 778 2913 unica
797 2884 876 2915 erat
895 2879 969 2916 illi·

565 2936 642 2974 fere
662 2949 853 2976 annorum
872 2941 950 2979 duo

564 2998 690 3037 decim
703 3020 712 3029 ·
743 3006 781 3037 et
800 3000 893 3039 haec
909 3005 1029 3051 morie

562 3061 674 3099 batur
687 3082 695 3091 ·
739 3062 790 3100 Et
809 3064 969 3113 contigit

1065 2186 1145 2224 lum
1192 2187 1299 2225 uenit
1318 2193 1482 2226 tremens
1495 2208 1504 2218 ·

1064 2254 1102 2286 et
1121 2249 1285 2298 procidit
1304 2255 1392 2287 ante

1065 2311 1183 2360 pedes
1202 2312 1283 2349 eius
1301 2332 1308 2341 ·
1355 2312 1407 2350 Et
1426 2312 1479 2350 ob

1066 2386 1184 2424 quam
1203 2386 1362 2412 causam
1380 2375 1446 2413 teti

1066 2436 1185 2486 gisset
1204 2436 1311 2474 illum
1330 2437 1410 2475 indi

1065 2500 1168 2537 cauit
1187 2511 1319 2537 coram
1338 2500 1446 2538 omni

1066 2562 1138 2600 bus
1155 2583 1164 2591 -
1206 2562 1259 2600 Et
1278 2562 1446 2613 quemad

1065 2624 1161 2663 mod
1181 2625 1342 2663 modum
1362 2637 1439 2663 con

1065 2686 1172 2724 setim
1191 2693 1327 2726 sanata
1344 2693 1402 2726 est
1417 2708 1426 2717 ·

1607 537 1747 564 uexare
1766 526 1952 576 magistrfi

1607 587 1637 609 ⁵⁰
1650 588 1717 627 Ihs
1738 595 1869 627 autem
1889 586 2018 627 audito

1606 650 1682 689 hoc
1700 652 1821 690 uerbo
1834 672 1843 682 ·
1884 652 1936 690 ait
1954 663 2007 702 pa

1607 714 1654 751 tri
1673 714 1797 764 puelle
1853 715 1935 753 noli
1954 715 1982 752 ti

1607 789 1712 816 mere
1770 776 1846 816 Sed
1866 777 1978 816 crede

1606 844 1756 878 tantum
1776 846 1814 878 et
1833 839 1941 878 salua

1606 903 1676 940 erit
1691 923 1701 933 ·
1745 901 1773 923 ⁶¹
1785 909 1823 940 et
1841 914 1932 941 cum
1951 914 2019 952 per

1607 965 1775 1004 uenisset
1793 965 1833 1004 in
1853 965 1973 1003 domii
1990 986 1998 995 ·

1607 1027 1701 1066 Non
1720 1028 1893 1079 permisit
1911 1028 2012 1066 intra

1606 1104 1645 1129 re
1666 1103 1798 1130 secum
1817 1094 2013 1141 quemque-1
2026 1111 2035 1121 ·

1606 1154 1680 1191 nisi
1699 1159 1850 1204 petrum
1869 1159 1907 1192 et
1925 1153 1964 1192 io

1605 1216 1775 1254 hannem
1793 1222 1831 1254 et
1849 1216 1991 1254 iacobfi

1603 1279 1655 1317 Et
1674 1285 1823 1330 patrem
1842 1284 1880 1316 et
1898 1281 2020 1316 matre

1604 1342 1726 1392 puelle
1741 1363 1750 1372 ·
1791 1340 1820 1363 ⁵²
1832 1342 1995 1380 Flebant

1603 1411 1731 1443 autem
1751 1417 1888 1443 omnes
1907 1410 1945 1442 et

1602 1468 1840 1518 plangebant
1858 1468 1962 1505 illam

1604 1532 1658 1569 At
1677 1530 1738 1568 ille
1759 1530 1855 1567 dixit
1873 1529 1991 1568 nolite

1602 1594 1693 1632 flere
1739 1605 1820 1632 non
1839 1598 1897 1631 est
1915 1596 1978 1631 eni

1603 1662 1755 1695 mortua
1775 1655 1842 1694 sed
1862 1655 2004 1693 dormit

1602 1744 1631 1766 ⁵³
1645 1751 1683 1783 et
1702 1744 1926 1783 deridebant
1943 1755 2034 1781 eum

1603 1808 1770 1846 scientes
1790 1806 1899 1858 quod
1917 1818 2005 1844 mor

1602 1876 1668 1908 tua
1687 1876 1766 1909 est·
1798 1870 1827 1891 ⁵⁴
1838 1869 1921 1920 ipse
1941 1875 2071 1907 autem

1602 1933 1745 1972 eiciens
1764 1944 1902 1972 omnes
1922 1932 2024 1970 foras
2037 1951 2046 1961 ·

1601 2002 1639 2035 et
1650 2002 1785 2035 tenens
1798 2007 1959 2033 manum
1970 1994 2051 2033 eius
2060 2014 2069 2024 ·

1602 2059 1784 2098 clamauit
1803 2059 1935 2097 dicens
1951 2078 1960 2087 ·
1974 2070 2028 2108 pu

1602 2123 1675 2160 ella
1690 2135 1819 2173 surge·
1841 2121 1913 2159 ⁵⁵et
1926 2133 2070 2160 conuer

1602 2185 1646 2222 tit
1666 2188 1732 2235 sps
1751 2186 1833 2223 eius
1888 2190 1926 2222 et
1946 2196 2011 2222 sur

1601 2248 1696 2285 rexit
1716 2247 1901 2286 continuo
1917 2267 1926 2276 ·
1967 2246 2019 2284 Et

1602 2310 1708 2348 iussit
1726 2309 1778 2347 illi
1797 2309 1878 2347 dari
1897 2320 1990 2346 man

1601 2372 1741 2411 ducare
1755 2393 1764 2402 ·
1804 2372 1833 2393 ⁵⁶
1845 2378 1882 2410 et
1901 2377 2014 2421 stupu

1601 2441 1712 2474 erunt
1731 2441 1910 2485 parentes
1929 2435 2012 2472 eius
2028 2454 2037 2464 ·

1601 2499 1740 2550 quibus
1760 2497 1955 2548 praecepit
1974 2509 2023 2535 ne

1603 2561 1716 2600 alicui
1737 2561 1908 2599 dicerent
1921 2582 1976 2589 --

1603 2624 1710 2675 quod
1728 2623 1872 2662 facturn
1891 2629 1949 2662 est
1961 2639 2016 2656 ω

1581 2686 1646 2728 *9.
1663 2687 1675 2708 ¹
1688 2686 1926 2726 Conuocatis
1941 2692 2070 2724 autem

1066 2749 1148 2787 4*At
1163 2750 1245 2800 ipse
1259 2750 1354 2788 dixit
1366 2750 1433 2788 illi·
1454 2763 1532 2789 con
1581 2749 1807 2789 *duodecim
1826 2750 1923 2788 disci

1066 2818 1172 2850 stans
1191 2819 1274 2852 esto
1294 2814 1371 2852 filia
1418 2813 1444 2851 fi

1065 2875 1132 2913 des
1151 2882 1217 2914 tua
1235 2882 1271 2914 te
1291 2877 1439 2914 saluam

1064 2937 1152 2975 fecit
1172 2936 1259 2975 uade
1278 2939 1317 2976 in
1337 2952 1434 2989 pace
1447 2960 1457 2969 ·

1062 2998 1233 3038 ⁴⁹Adhuc
1252 3001 1316 3039 illo
1336 3002 1517 3052 loquente

1062 3062 1166 3099 uenit
1186 3074 1208 3099 a
1227 3063 1440 3113 principem

1580 2813 1699 2864 *pulis
1719 2814 1797 2852 suis
1817 2813 1919 2852 dedit

1601 2877 1672 2915 illis
1691 2878 1872 2916 uirtutem
1891 2883 1929 2917 et

1599 2946 1830 2990 potestatem

1601 3015 1715 3053 super
1733 3004 1866 3042 omnia
1884 3003 1930 3042 de

1599 3057 1732 3105 monia
1748 3087 1757 3097 ·
1798 3073 1835 3105 et
1853 3074 1895 3106 ut
1913 3067 2057 3117 languo

1953 3142 2013 3168 res

2268 230 2379 272 [Vm.
2397 233 2531 274 35—IX.
2548 241 2579 274 9.

2110 344 2306 377 curarent·
2349 337 2425 377 ²Et
2444 339 2547 378 misit
2596 350 2678 382 ποι.
2693 350 2770 383 110.

2109 400 2195 439 illos
2214 401 2411 452 predicare
2429 407 2499 452 reg

2110 476 2205 502 num
2226 464 2265 502 di
2279 485 2287 494 ·
2336 471 2374 503 et
2394 477 2531 504 sanare

2109 526 2303 566 infirmos·
2333 527 2347 548 ³
2359 533 2397 566 et
2415 529 2467 567 ait
2485 527 2535 567 ad

2109 588 2194 627 illos
2213 589 2307 628 nihil
2324 591 2480 629 tuleritis

2109 651 2149 689 in
2167 652 2231 690 uia
2244 673 2253 683 ·
2294 659 2412 704 neque
2426 653 2578 704 uirgam

2109 727 2235 765 neque
2254 728 2389 766 peram
2409 737 2418 747 ·
2459 724 2552 768 neq*

2109 778 2364 817 calciamenta
2376 800 2384 809 ·
2428 786 2523 831 neq‘·

2108 853 2250 890 panem
2266 862 2275 871 ·
2315 853 2440 893 neque
2460 855 2509 892 pe

2108 904 2263 942 cuniam
2279 925 2288 935 ·
2329 917 2456 956 neque
2475 905 2528 943 du

2108 978 2150 1004 as
2169 967 2318 1005 tunicas
2337 967 2508 1006 habeatis
2524 988 2534 998 ·

2108 1029 2122 1049 ⁴
2133 1028 2183 1067 Et
2203 1029 2243 1067 in
2262 1042 2508 1081 quacumque
2523 1030 2576 1069 do

2107 1104 2217 1130 mum
2240 1092 2466 1141 intraueritis

2107 1156 2160 1193 ibi
2179 1161 2332 1194 manete
2350 1162 2389 1193 et
2406 1155 2498 1194 inde

2107 1218 2396 1268 proficiscimini
2409 1239 2418 1248 ·

2107 1279 2121 1301 ⁶
2134 1280 2184 1317 Et
2203 1280 2436 1331 quicumque
2455 1291 2538 1319 non

2106 1343 2310 1393 reciperint
2329 1355 2400 1382 uos
2416 1364 2425 1374 ·

2106 1405 2306 1444 Exeuntes
2326 1406 2373 1445 de
2393 1405 2509 1445 ciuita

2106 1474 2142 1506 te
2162 1469 2225 1507 illa
2243 1469 2360 1507 etiarn
2379 1469 2497 1520 pulue

2105 1544 2187 1569 rem
2206 1538 2376 1571 uestrum

2104 1595 2270 1633 excutite
2290 1595 2330 1633 in
2349 1594 2502 1634 testimo

2105 1658 2213 1696 nium
2232 1670 2347 1708 supra
2365 1658 2450 1696 illos
2463 1678 2472 1688 ·

2104 1747 2117 1767 ⁰
2130 1745 2287 1796 Egressi
2306 1752 2435 1784 autem
2454 1746 2562 1787 ibant

2106 1821 2174 1860 per
2193 1808 2347 1847 castella
2365 1814 2403 1847 et
2421 1810 2497 1848 ciui

2106 1877 2202 1910 tates
2215 1892 2224 1902 ·
2272 1872 2464 1923 Euangeli

2106 1941 2236 1973 zantes
2256 1935 2398 1986 ubique
2415 1955 2423 1965 ·

2104 1998 2119 2020 ⁷
2131 1998 2291 2037 Audiuit
2310 2005 2439 2037 autem
2457 1997 2507 2038 he

2104 2061 2218 2099 rodes
2237 2061 2427 2100 tetrarcha

2105 2124 2238 2163 omnia
2257 2137 2468 2175 quecuqu

2105 2193 2213 2224 erant
2231 2187 2332 2226 facta
2352 2188 2402 2226 ab
2420 2200 2469 2228 eo
2482 2210 2491 2220 ·

2103 2247 2155 2286 Et
2174 2251 2490 2289 consternebatur

2102 2323 2151 2349 eo
2171 2312 2279 2362 quod
2298 2312 2484 2352 diceretur

2102 2371 2116 2394 ⁸
2129 2385 2152 2412 a
2170 2375 2402 2424 quibusdam
2415 2396 2425 2406 ·

2104 2437 2212 2486 quod
2232 2437 2410 2477 iohannis
2430 2451 2495 2478 sur

2103 2500 2200 2538 rexit
2219 2512 2242 2538 a
2260 2502 2422 2540 mortuis
2438 2522 2447 2532 ·

2104 2561 2142 2600 A
2161 2563 2394 2613 quibusdam
2413 2568 2502 2604 aute

2105 2625 2210 2675 quod
2229 2625 2350 2665 helias
2369 2639 2472 2678 appa

2104 2688 2179 2726 ruit
2192 2709 2201 2718 ·
2242 2690 2292 2728 ab
2311 2690 2393 2728 aliis
2413 2695 2502 2730 aute

2104 2751 2211 2802 quod
2230 2753 2378 2802 profeta
2397 2766 2497 2793 unus

2103 2814 2150 2852 de
2170 2816 2337 2866 antiquis
2357 2828 2488 2855 surrex

2102 2877 2150 2915 sit
2164 2897 2173 2906 ·
2213 2878 2293 2916 ”Ait
2312 2885 2443 2918 autem
2462 2879 2512 2919 he

2100 2940 2215 2979 rodes
2228 2962 2237 2971 ·
2278 2942 2488 2981 iohannem

2102 3015 2178 3053 ego
2199 3003 2387 3043 decollaui
2401 3026 2410 3035 ·
2451 3005 2513 3045 hic

2104 3068 2189 3116 quis
2208 3073 2265 3105 est
2284 3067 2330 3106 de
2351 3079 2430 3119 quo
