2872 3268
361 315 443 348 1¹01.
459 315 519 349 54.

548 199 601 244 28

547 313 577 336 ⁸⁰
588 313 639 353 Et
657 324 749 352 ecce
773 311 851 351 duo
870 311 976 350 caeci

547 377 726 416 sedentes
741 387 852 414 secus

546 440 651 478 uiam
664 460 673 469 ·
714 438 914 476 audierunt

546 501 655 552 quod
672 501 731 539 ihs
745 500 880 538 transit
896 519 904 528 ·

545 563 597 602 Et
614 563 928 602 exclamauerunt

546 626 717 665 dicentes
734 645 743 655 ·
783 624 838 661 mi

545 700 669 727 serere
689 686 802 725 nobis

543 751 621 788 dfie
634 749 686 787 fili
705 747 821 786 dauid
837 768 846 776 ·

543 812 571 835 ³¹
585 812 718 850 Turba
737 817 865 849 autem
885 809 925 846 in

544 875 726 924 crepabat
744 884 812 911 eos

544 944 585 975 ut
604 941 797 974 tacerent·
838 940 877 973 at

543 999 594 1037 illi
614 998 737 1048 magis
757 997 884 1036 clama

542 1062 638 1100 bant
657 1061 826 1099 dicentes
842 1080 852 1091 ·

544 1124 725 1161 m1serere
744 1121 859 1160 nobis

544 1185 621 1224 dr‘ie
636 1184 689 1222 fili
707 1183 823 1223 dauid
840 1205 849 1215 ·

544 1246 573 1268 ³²
584 1247 635 1286 Et
655 1247 783 1286 statim
802 1246 862 1285 ihs
881 1258 985 1286 uoca

541 1309 596 1347 uit
616 1321 684 1348 eos
703 1315 742 1347 et
761 1309 814 1347 ait
829 1325 837 1333 ·

544 1371 650 1419 Quid
668 1371 783 1410 uultis
802 1378 844 1410 ut
862 1370 937 1410 faci

542 1446 608 1472 am
626 1434 738 1472 uobis
752 1454 761 1464 ·
791 1433 819 1454 ⁸⁸
831 1433 964 1472 dicunt

540 1495 594 1534 illi
612 1495 690 1534 dfie
742 1502 784 1534 ut
803 1496 910 1546 aperi

541 1652 655 1684 antur
674 1645 775 1684 oculi
796 1657 871 1684 nos

541 1708 588 1747 tri
604 1729 612 1738 ·
642 1708 671 1729 ⁸⁴
683 1708 862 1747 misertus

541 1778 601 1809 est
620 1777 750 1809 autem
769 1770 842 1809 illis
863 1770 922 1810 ihs
934 1789 947 1802 ··

541 1833 594 1871 Et
614 1833 738 1884 tetigit
756 1833 892 1873 oculos

541 1908 677 1935 eorum
692 1917 701 1926 ·
742 1902 781 1935 et
799 1909 877 1937 con

542 1958 670 1996 festim
688 1959 872 1998 uiderunt

543 2021 646 2060 oculi
666 2034 802 2060 eorum
848 2029 888 2060 et

543 2084 666 2122 secuti
685 2091 775 2122 sunt
793 2097 884 2123 eum
952 2084 1017 2117 fine

542 2144 1016 2200 †2l.¹Etcumadpropias

543 2215 628 2247 sent
643 2208 838 2259 hierosoly

542 2271 617 2309 mis
633 2292 642 2301 ·
683 2277 721 2310 et
739 2271 846 2310 uenit
865 2272 905 2310 in

542 2332 763 2383 bethphage
781 2334 822 2371 in
842 2346 937 2373 mon

541 2402 578 2434 te
598 2396 727 2435 oliueti
740 2417 748 2426 ·
768 2417 824 2424 -—

543 2457 658 2497 Tunc
678 2458 738 2498 ihs
757 2459 862 2498 misit
881 2459 935 2498 du

542 2531 588 2558 os
608 2520 818 2571 discipulos
839 2533 885 2560 su

543 2593 588 2621 os
638 2583 798 2622 2dicens
813 2584 869 2622 eis
922 2585 981 2624 Ite

542 2644 584 2682 in
604 2645 802 2684 castellum
822 2646 922 2697 quod

544 2712 678 2744 contra
697 2719 770 2745 uos
789 2714 848 2746 est
865 2729 873 2739 -

543 2765 593 2804 Et
614 2768 815 2807 confestim
834 2770 922 2810 inue

543 2829 655 2886 nietis
679 2830 828 2870 asinam

1396 188 1710 238 SECUNDU-

1052 310 1246 360 alligatam
1267 316 1304 348 et
1322 309 1390 360 pul

979 383 984 387 ’
1050 373 1131 411 lum
1151 384 1241 411 cum
1265 384 1312 411 ea
1365 371 1422 412 sol

1049 436 1125 473 uite
1146 441 1183 474 et
1202 434 1382 474 adducite

1049 495 1143 535 mihi
1159 518 1167 526 -
1197 497 1261 535 ⁸et
1281 497 1313 535 si
1331 497 1418 548 quis

1047 559 1156 599 uobis
1175 559 1314 599 dixerit
1332 559 1382 599 ali

1048 622 1140 673 quid
1156 644 1164 652 ·
1204 622 1305 662 dicte
1324 623 1415 673 quia

1048 685 1121 724 dfis
1140 697 1299 736 operam
1322 697 1371 725 eo

1047 760 1134 786 rum
1153 748 1346 787 desiderat
1360 769 1370 779 ·

1050 810 1271 850 Confestim
1294 817 1427 851 autem

1046 873 1213 912 remittet
1233 885 1300 912 eos

1047 936 1061 956 ⁴
1075 935 1167 974 Hoc
1191 943 1322 975 autem
1341 942 1465 977 totum

1048 999 1194 1038 factum
1213 1005 1271 1038 est
1325 1004 1368 1037 ut

1049 1061 1271 1112 impleretur
1290 1061 1392 1112 quod

1050 1123 1196 1163 dictum
1215 1130 1274 1163 est
1321 1137 1393 1176 per

1049 1186 1242 1238 profetam
1264 1187 1378 1227 dicen

1049 1256 1128 1289 tem
1144 1271 1153 1281 ·
1183 1249 1198 1271 ⁵
1209 1250 1324 1290 dicite
1343 1250 1370 1289 fi

1047 1312 1121 1351 liae
1141 1313 1228 1352 sion
1241 1333 1250 1344 ·
1291 1326 1384 1352 ecce

1046 1388 1115 1414 rex
1134 1381 1223 1414 tuus
1240 1376 1347 1417 uenit
1364 1376 1392 1415 ti

1047 1437 1087 1475 bi
1106 1444 1331 1476 mansuetus

1046 1500 1097 1539 Et
1117 1500 1257 1540 sedens
1276 1513 1391 1552 super

1047 1645 1197 1684 asinam
1217 1652 1255 1685 et
1277 1645 1371 1696 pulsi

1049 1708 1170 1747 filium
1190 1708 1349 1747 iumenti
1362 1729 1371 1739 ·

1049 1770 1223 1810 ⁰Euntes
1245 1777 1375 1810 autem
1395 1770 1454 1810 dis

1049 1833 1164 1884 cipuli
1183 1833 1357 1872 fecerunt

1050 1897 1148 1935 sicut
1166 1897 1339 1948 precepit
1357 1896 1383 1935 il

1049 1959 1095 1998 lis
1114 1959 1173 1998 ihs
1189 1979 1199 1990 ·
1229 1959 1243 1981 ⁷
1255 1966 1293 1998 et
1311 1959 1442 1999 addux

1051 2029 1164 2061 erunt
1184 2022 1335 2062 asinam

1051 2091 1089 2123 et
1108 2084 1256 2135 pullum
1272 2106 1282 2115 ·
1324 2084 1374 2123 Et
1394 2085 1434 2124 in

1051 2153 1263 2197 posuerunt
1283 2159 1330 2186 su

1050 2221 1120 2259 per
1138 2222 1229 2248 eum
1249 2210 1347 2249 uesti

1048 2278 1180 2310 menta
1199 2283 1269 2310 sua
1323 2278 1361 2310 et
1381 2283 1422 2311 se

1049 2333 1104 2371 dit
1124 2346 1239 2384 super
1259 2346 1349 2372 eum
1363 2355 1372 2364 ·

1047 2395 1061 2417 ⁸
1074 2395 1243 2434 Plurima
1261 2403 1391 2435 autem

1048 2459 1160 2496 turba
1180 2464 1305 2497 straue

1046 2527 1135 2560 runt
1152 2521 1344 2560 uestimen

1047 2590 1087 2622 ta
1108 2596 1177 2622 sua
1196 2584 1236 2622 in
1255 2584 1319 2622 uia
1335 2605 1344 2615 ·
1385 2583 1462 2623 Alii

1047 2653 1179 2686 autem
1199 2647 1362 2686 cedebat

1046 2722 1177 2748 ramos
1198 2709 1246 2748 de
1265 2710 1393 2749 arbori

1045 2772 1117 2810 bus
1137 2778 1175 2811 et
1194 2779 1410 2812 strauerunt

1044 2834 1083 2872 in
1102 2834 1165 2873 uia
1181 2855 1189 2865 ·
1234 2835 1362 2874 ⁹turba
1383 2848 1431 2874 au

1587 315 1670 348 tem
1690 321 1767 360 que
1786 322 1902 361 prece

1588 372 1729 412 debat·
1759 379 1798 413 et
1818 385 1962 424 sequae

1587 436 1730 474 bantur
1749 435 1875 475 clama

1588 499 1684 536 bant
1703 498 1876 537 dicentes

1589 559 1753 599 Osanna
1771 560 1850 599 filio
1869 560 1986 599 dauid
2003 581 2012 591 ·

1588 622 1815 662 benedictus
1829 622 1896 673 qui

1588 684 1696 723 uenit
1715 684 1755 723 in
1775 685 1935 724 nomine

1589 747 1657 786 dni
1673 768 1682 778 ·
1725 759 1751 786 o
1767 768 1777 778 ·
1821 759 1947 787 sanna
1964 747 2005 787 in

1589 810 1782 850 altissimis
1795 831 1805 842 ·

1589 871 1619 894 ¹⁰
1630 872 1681 911 Et
1700 885 1790 911 cum
1809 873 1990 912 intrasset

1589 935 1851 986 hierosolyma
1871 942 1956 975 co*

1589 1004 1696 1038 mota
1715 1004 1773 1037 est
1794 998 1932 1037 uniuer

1590 1073 1634 1100 sa
1654 1061 1788 1100 ciuitas
1841 1061 1976 1100 dicens
2030 1065 2034 1067 “

1590 1125 1677 1175 quis
1698 1130 1756 1163 est
1774 1124 1838 1163 hic
1859 1145 1869 1155 ·
1898 1122 1927 1146 ¹1
1943 1131 2004 1163 tur

1589 1188 1641 1225 ba
1659 1193 1787 1226 autem
1809 1186 1956 1226 dicebat
1971 1207 1981 1218 ·

1592 1249 1671 1288 Hic
1690 1254 1750 1288 est
1768 1249 1826 1288 ihs
1845 1249 1954 1300 profe

1591 1318 1631 1350 ta
1650 1324 1673 1350 a
1693 1311 1876 1350 nazareth
1899 1324 1950 1362 ga

1590 1374 1701 1413 lileae
1714 1395 1724 1404 ·
1739 1395 1749 1405 ·
1779 1372 1808 1395 ¹²
1821 1380 1860 1413 et
1877 1374 1978 1413 intra

1591 1437 1646 1475 uit
1664 1436 1723 1475 ihs
1742 1436 1783 1474 in
1802 1436 1949 1486 templu

1591 1498 1631 1537 di
1647 1519 1656 1529 ·
1699 1505 1737 1538 et
1756 1498 1918 1538 eiciebat

1588 1648 1803 1687 uendentes
1822 1654 1861 1687 et
1879 1660 1995 1687 emen

1588 1717 1648 1750 tes
1666 1711 1707 1749 in
1725 1710 1874 1762 templo
1889 1731 1899 1741 ·
1939 1717 1979 1750 et

1590 1786 1749 1813 mensas
1769 1765 1930 1814 numula

1589 1837 1735 1876 riorum
1755 1837 1913 1875 euertit·

1591 1906 1629 1938 et
1648 1899 1851 1938 cathedras
1869 1910 1948 1937 uen

1591 1962 1765 2000 dentium
1785 1962 1916 2000 colum

1591 2025 1662 2063 bas
1678 2041 1686 2050 ·
1718 2023 1746 2045 ¹⁸
1757 2023 1809 2062 Et
1827 2023 1922 2062 dixit
1940 2023 2013 2062 illis
2029 2043 2038 2054 ·

1591 2087 1778 2138 scriptum
1796 2093 1854 2126 est
1904 2086 1970 2126 Do

1592 2162 1680 2188 mus
1700 2161 1788 2188 mea
1810 2150 1952 2188 domus

1591 2212 1776 2252 orationis
1793 2212 1934 2250 uocabi

1591 2280 1652 2312 tur
1664 2295 1674 2304 ·
1717 2286 1789 2314 uos
1808 2281 1936 2313 autem

1591 2337 1734 2376 fecistis
1754 2337 1860 2376 illam
1881 2348 1949 2387 spe

1591 2399 1748 2438 luncam
1766 2399 1963 2438 latronu-·

1590 2462 1618 2484 ¹⁴
1629 2461 1679 2499 Et
1698 2467 1943 2500 accesserunt
1961 2461 2012 2500 ad

1589 2536 1680 2562 eum
1699 2523 1782 2563 ceci
1802 2530 1840 2562 et
1859 2523 1962 2562 clodi

1588 2587 1628 2624 in
1648 2586 1795 2637 templo
1814 2593 1852 2625 et
1871 2598 1967 2624 sana

1587 2649 1641 2687 uit
1663 2661 1732 2688 eos
1749 2669 1758 2680 ·
1787 2647 1956 2687 1‘⁵Uiden

1587 2717 1644 2750 tes
1663 2718 1793 2750 autem
1812 2711 1935 2762 princi

1586 2785 1656 2825 pes
1676 2774 1924 2813 sacerdotum

1527 2837 1537 2844 ”
1586 2842 1623 2875 et
1643 2837 1792 2876 scribae
1813 2836 1950 2874 mirabi

1869 2899 1918 2938 lia

2217 203 2310 246 [XX.
2325 207 2491 248 30-XXI.
2507 215 2560 239 21.

2093 322 2168 362 que
2188 309 2278 350 fecit
2323 316 2362 350 et
2380 323 2457 362 pue

2093 386 2160 413 ros
2174 373 2388 413 clamantes
2443 395 2446 398 ⁴

2092 437 2134 475 in
2153 436 2300 486 templo
2317 442 2356 475 et
2375 436 2415 476 di

2093 504 2226 537 centes
2246 519 2256 528 ·
2295 510 2346 538 o·
2380 511 2453 538 san

2094 573 2146 599 na
2164 561 2243 600 filio
2262 560 2380 600 dauid
2396 579 2404 588 ·

2094 623 2293 674 Indignati
2312 629 2403 663 sunt

2093 685 2122 708 ¹⁶
2135 693 2173 725 et
2192 685 2372 725 dixerunt
2391 686 2427 726 ei
2443 707 2453 718 ·

2094 748 2219 788 Audis
2238 749 2332 799 quid
2351 749 2413 789 isti
2433 748 2473 789 di

2095 817 2189 850 cunt
2202 831 2212 842 ·
2254 811 2322 850 Ihs
2336 823 2387 850 au

2095 880 2175 913 tem
2196 874 2292 914 dixit
2309 874 2365 914 eis
2381 895 2391 906 ·
2430 874 2486 915 uti

2095 949 2171 987 que
2227 949 2323 976 num
2344 949 2439 976 num

2094 1011 2214 1049 quam
2232 999 2378 1049 legistis

2094 1066 2190 1112 qfim
2209 1073 2259 1100 ex
2279 1073 2347 1101 ore
2370 1061 2478 1102 infan

2093 1124 2190 1163 tium
2211 1130 2251 1163 et
2269 1124 2398 1163 lactan

2093 1187 2189 1226 tium
2208 1186 2372 1238 perfecis

2093 1250 2121 1288 ti
2139 1249 2294 1288 laudem
2310 1270 2319 1281 ·
2349 1249 2378 1271 ¹⁷
2388 1255 2427 1290 et

2093 1312 2234 1351 relictis
2253 1311 2327 1350 illis
2346 1311 2411 1351 abi

2092 1375 2120 1413 it
2140 1375 2245 1413 foras
2262 1380 2371 1414 extra
2393 1374 2430 1413 ci

2092 1438 2252 1476 uitatem
2271 1437 2312 1475 in
2330 1438 2380 1476 be

2093 1500 2266 1538 thaniam
2285 1506 2323 1539 et
2342 1511 2436 1539 man

2094 1563 2142 1602 sit
2161 1562 2214 1601 ibi
2229 1583 2239 1591 -
2268 1559 2299 1583 ¹⁸
2311 1561 2435 1600 Mane

2093 1656 2224 1689 autem
2242 1661 2352 1688 reuer

2095 1719 2181 1751 tens
2200 1712 2240 1750 in
2260 1712 2448 1751 ciuitate-

2095 1775 2226 1813 esuriit
2238 1795 2247 1806 ·
2288 1774 2317 1796 ¹⁹
2329 1781 2368 1814 et
2387 1775 2427 1812 ui

2097 1838 2194 1876 dens
2213 1837 2275 1876 fici
2295 1837 2433 1876 arbore
2463 1854 2467 1857 ’

2096 1911 2216 1938 unam
2236 1911 2349 1939 secus
2368 1899 2476 1938 uia*-

2096 1962 2203 2000 uenit
2222 1962 2271 2000 ad
2292 1973 2382 2000 eam
2397 1982 2406 1992 ·
2450 1967 2490 2000 et

2076 2033 2081 2038 ’
2096 2024 2188 2063 nihil
2206 2023 2354 2063 inuenit
2373 2024 2414 2062 in

2096 2099 2143 2125 ea
2162 2087 2236 2125 nisi
2254 2086 2344 2126 folia
2365 2092 2433 2124 tan

2094 2156 2178 2189 tum
2191 2170 2200 2180 -
2245 2155 2282 2188 et
2301 2149 2353 2188 ait
2372 2149 2425 2188 illi

2094 2223 2310 2263 numquam
2330 2224 2379 2250 ex
2398 2218 2435 2250 te

2094 2274 2240 2313 fructus
2259 2280 2441 2312 nascatur

2092 2337 2130 2375 in
2153 2337 2430 2387 sempiternum
2443 2356 2452 2366 ·

2093 2399 2145 2438 Et
2164 2398 2331 2438 arefacta
2348 2405 2406 2438 est
2424 2410 2502 2438 con

2093 2463 2201 2501 tinuo
2221 2461 2389 2500 ficulnea
2402 2481 2412 2491 ·

2092 2523 2122 2545 ²⁰
2133 2524 2183 2562 Et
2202 2524 2377 2563 uidentes
2392 2523 2544 2575 discipu

2091 2587 2118 2625 li
2136 2587 2262 2626 mirati
2281 2593 2370 2626 sunt
2389 2586 2430 2625 di

2091 2656 2222 2688 centes
2239 2669 2248 2679 ·
2289 2660 2438 2699 quomo

2092 2711 2144 2750 do
2164 2711 2350 2750 continuo
2369 2723 2437 2749 aru
2458 2735 2462 2739 ‹

2090 2773 2118 2812 it
2132 2773 2299 2812 ficulnea
2312 2794 2321 2804 ·
2350 2771 2379 2795 ²¹
2392 2773 2473 2812 Res

2089 2836 2270 2886 pondens
2289 2842 2418 2874 autem

2088 2898 2148 2937 ihs
2167 2898 2218 2937 ait
2237 2898 2309 2937 illis
2325 2919 2334 2928 ·
2375 2898 2505 2937 Amen

2579 314 2663 353 1¹01.
2679 314 2741 347 55.
