2872 3268
587 266 732 309 xxxvi
1240 265 1319 307 IN
1322 266 1400 306 ΤΚ
1407 266 1487 306 OD
1494 266 1536 306 U
1534 266 1569 307 C
1574 267 1641 307 TI
1643 266 1737 308 ΟΝ.

587 382 750 422 Selecled
758 382 935 432 readings
950 382 1030 419 and
1039 381 1259 432 renderz'ngs
1279 383 1319 420 in
1332 382 1459 421 which
1530 382 1690 422 Selecled
1699 383 1878 434 readings
1889 384 1970 422 and
1979 383 2198 434 renderz‘ngs
2214 384 2254 422 z'n
2272 383 2397 422 which

749 449 770 487 f
782 461 809 500 q
827 448 937 499 dffr
939 447 1056 499 from
1075 447 1162 486 each
1174 447 1295 487 vther.
1692 450 1711 488 f
1749 462 1777 502 q
1813 463 1880 488 are
1915 451 2055 500 agreed
2096 451 2252 501 against
2291 450 2394 489 other

587 513 694 566 John
713 515 751 553 ii.
1692 515 1895 567 European
1915 520 2028 555 texts.

1558 659 1592 698 5.
1622 648 1718 687 dixit
1737 654 1867 687 autem
1871 649 1915 701 s
1923 661 1946 698 q
1966 646 2033 700 (qfi
2051 661 2068 686 e
2088 648 2211 701 dixit).

1745 714 1837 754 dicit
1855 728 1880 752 a
1900 714 1921 753 b
1939 714 2029 752 Am.

642 791 678 827 9.
707 784 900 828 gustasset
919 791 943 816 a
963 791 996 827 q.
1559 795 1594 832 9.
1622 792 1764 832 aquam
1767 780 1815 832 f
1822 793 1846 831 q
1864 779 1952 819 Am.

804 844 971 895 gustauit
990 843 1011 883 b
1029 856 1047 882 e
1048 844 1095 896 f
1103 844 1192 884 Am.
1747 858 1807 898 aq.
1841 852 1880 885 et
1909 845 2084 885 uidentes
2111 845 2256 885 factum
2287 844 2400 884 mira-

763 910 968 960 ignorabat
986 923 1021 961 q.
1852 913 1995 952 bantur
2013 926 2038 951 a
2056 913 2088 951 b.

733 1024 738 1026 η
806 976 1003 1015 nesciebat
1022 989 1047 1014 a
1067 975 1100 1015 b.
1746 991 1890 1031 aquam
1931 990 2032 1031 quae
2073 978 2209 1017 unium
2255 977 2400 1017 sactum

806 1053 887 1080 non
907 1041 1053 1080 sciebat
1055 1042 1101 1092 f
1111 1041 1200 1080 Am.
1855 1050 1913 1083 est
1932 1057 1958 1083 e.

804 1119 886 1146 non
904 1106 1153 1158 intellegebat
1172 1122 1200 1146 e.

620 1184 678 1210 10.
707 1172 847 1211 deinde
867 1184 958 1211 cum
977 1185 1011 1222 q.

804 1244 949 1276 etcum
972 1251 997 1276 a
1016 1238 1037 1277 b
1056 1238 1219 1288 esAm.

764 1315 889 1354 usque
909 1315 1014 1342 nunc
1032 1316 1067 1354 q.

806 1381 931 1419 usque
951 1369 1074 1408 modo
1092 1382 1117 1407 a
1131 1369 1163 1408 b.

805 1446 930 1486 usque
951 1434 1127 1484 adhucf
1136 1434 1226 1473 Am.

804 1511 928 1550 usque
947 1500 987 1537 in
1006 1500 1107 1539 hanc
1126 1500 1263 1540 horam
1282 1516 1311 1540 c.

620 1577 680 1603 12.
710 1564 910 1604 descendit
929 1579 953 1604 a
968 1565 989 1604 b
1008 1577 1026 1603 e
1044 1579 1068 1616 q
1087 1566 1176 1605 Am.

806 1631 898 1669 abiit
899 1631 948 1682 s.

765 1696 909 1735 multos
929 1696 1012 1736 dies
1031 1709 1056 1735 a
1077 1696 1098 1735 b
1115 1710 1150 1748 q.

805 1762 937 1800 multis
958 1762 1096 1802 diebus
1114 1776 1132 1801 e
1132 1763 1178 1814 f
1188 1763 1278 1803 Am.

621 1839 679 1876 13.
713 1839 802 1866 cum
822 1828 862 1866 in
880 1828 1061 1878 proximo
1080 1835 1180 1867 esset
1199 1842 1234 1879 q.

806 1894 846 1932 in
875 1893 1057 1944 proximo
1086 1900 1168 1934 erat
1190 1895 1222 1942 b,
1242 1895 1465 1946 proximum

915 1959 985 1998 fuit
1004 1973 1031 1998 e.

809 2037 932 2075 prope
944 2031 1025 2063 erat
1036 2037 1061 2064 a
1063 2025 1110 2076 f,
1125 2027 1358 2078 properabat
1370 2026 1448 2064 Am
1457 2056 1465 2064 .

623 2100 683 2139 15.
713 2088 801 2128 fecit
820 2103 844 2128 a
864 2090 885 2128 b
903 2103 921 2127 e
939 2103 974 2140 q.

807 2154 955 2194 faciens
957 2156 1004 2206 f.

808 2233 899 2260 cum
918 2221 1071 2260 fecisset
1089 2222 1179 2261 Am.

767 2286 947 2326 resticula
966 2300 1000 2337 q,
1021 2288 1206 2327 resticulis
1221 2301 1249 2326 e.

809 2353 973 2392 restibus
991 2366 1016 2391 a
1036 2352 1067 2391 b.

810 2417 988 2457 funiculis
991 2418 1037 2468 f
1047 2418 1138 2458 Am.

757 2483 970 2523 uendentes
989 2497 1023 2534 q,
1041 2484 1254 2524 uindebant
1274 2500 1302 2524 e.

811 2562 878 2588 om.
900 2563 925 2588 a
944 2550 1014 2599 bf
1022 2550 1111 2589 Am.

771 2616 956 2666 pecunias
975 2629 1000 2654 a
1018 2629 1054 2667 q.

813 2692 879 2720 aes
882 2682 928 2730 f
936 2681 1026 2720 Am.

814 2757 998 2786 nummos
1017 2748 1050 2787 b.

815 2823 880 2849 om.
901 2825 928 2849 e.
