2872 3268
1140 198 1288 238 [ΘΗΛ
1295 189 1451 245 NNE-

288 207 444 248 1.37-11.
470 204 540 248 14.]
2238 213 2293 256 43

1344 292 1443 324 tertia
1458 292 1559 324 lectio
1574 293 1607 325 in
1623 293 1678 325 die
1693 290 1753 326 sc'o

1401 336 1564 377 Epesania

75 389 159 421 1⁸⁰1·
174 389 259 423 205.
287 390 318 412 ³⁷
331 389 383 429 Et
401 390 601 429 audierunt
621 392 670 428 eii
789 388 841 428 Et
860 389 1000 428 inuenit
1019 389 1195 440 filippum
1331 389 1461 429 Amen
1481 404 1596 430 amen
1615 392 1705 431 dieo
1830 387 2120 428 Architriclinus
2325 387 2504 419 F01.206.

289 452 368 491 duo
389 452 566 503 discipuli
590 453 647 490 sui

289 515 515 566 loquentem
528 536 538 545 ·
581 522 620 554 et
639 527 681 554 se

287 577 366 616 cuti
385 584 476 616 sunt
494 577 574 615 ihm
587 598 596 607 ·

287 639 318 661 ³⁸
328 639 379 677 Et
393 651 606 678 conuersus
623 639 683 678 ihs

286 701 380 740 uidit
400 714 469 741 eos
489 714 636 753 sequen

790 458 829 490 et
848 452 943 490 dixit
961 451 1012 490 illi
1032 452 1091 491 ihs
1112 452 1201 501 seqS

791 526 833 552 re
847 526 910 552 me
925 534 934 544 ·
954 513 1072 552 “erat
1085 520 1208 552 autem
1220 513 1245 551 fi

790 575 918 626 lippus
938 588 961 614 a
979 576 1154 615 betsaida
1170 596 1179 606 ·

791 638 840 676 de
860 638 1014 677 ciuitate
1034 638 1202 678 andreae

789 705 828 738 et
848 700 946 750 petri
960 720 968 730 ·
1009 700 1038 721 ⁴⁵
1053 701 1209 741 Inuenit

1329 454 1442 491 uobis
1463 455 1552 504 quia
1572 467 1594 492 a
1614 454 1735 493 modo

1329 515 1505 554 uidebitis
1524 517 1674 555 caelum

1330 583 1505 627 apertum
1519 599 1528 608 ·
1570 585 1607 617 et
1627 591 1727 629 ange

1329 639 1389 677 los
1409 640 1449 678 di
1469 640 1691 679 descenden

1328 708 1386 740 tes
1406 708 1444 740 et
1464 703 1719 742 ascendentes

1831 463 1973 501 aquarn
1992 452 2129 489 uinum
2149 452 2209 491 fac

1830 520 1913 552 tum
1961 520 1998 552 et
2017 514 2216 564 ignorabat

1829 575 1934 614 unde
1954 583 2057 615 esset
2111 578 2166 616 mi

1831 638 1941 676 nistri
1959 650 2053 677 uero
2073 639 2152 678 scie

1830 701 1924 739 bant
1943 701 2034 751 quia
2053 702 2157 740 aurie

1329 764 1379 802 ad
1398 764 1517 802 filium
1537 765 1708 804 hominis
1722 786 1730 796 ·
1743 786 1773 794 —

1296 822 1315 844 *
1330 830 1369 866 2.
1399 826 1469 864 1Et
1487 827 1597 865 tertia
1617 827 1679 866 die
1698 839 1778 879 nup

1294 888 1402 927 *tiae
1421 888 1519 927 facte
1539 896 1628 928 sunt

1295 948 1367 988 *in
1387 963 1486 989 cana
1504 952 1665 1001 galileae

1296 1011 1315 1033 '¹‘
1330 1013 1379 1051 Et
1399 1020 1478 1052 erat
1496 1020 1618 1053 mater
1638 1014 1703 1051 ihu

1295 1073 1382 1113 *ibi
1398 1096 1407 1105 ·
1424 1096 1433 1105 ·
1474 1074 1489 1095 ²
1502 1082 1663 1114 uocatus
1683 1082 1741 1114 est

1295 1139 1316 1161 *
1330 1145 1458 1176 autem
1477 1138 1537 1176 ihs
1556 1144 1594 1176 et
1613 1139 1672 1177 dis

1326 1200 1444 1250 cipuli
1465 1201 1544 1239 eius
1565 1201 1614 1239 ad
1634 1213 1715 1251 nup

1325 1262 1396 1300 tias
1412 1283 1421 1292 ·
1462 1262 1476 1284 ³
1490 1270 1529 1301 et
1548 1275 1638 1302 cum
1657 1264 1706 1302 de

1326 1324 1479 1364 fecisset
1497 1325 1631 1363 uinum
1644 1347 1654 1356 ·

1324 1387 1430 1426 Dicit
1449 1394 1571 1426 mater
1590 1388 1655 1425 ihu
1674 1388 1724 1427 ad

1326 1461 1415 1487 eum
1431 1470 1440 1479 ·
1483 1450 1618 1488 uinum
1638 1462 1721 1489 non

1326 1512 1472 1550 habent
1489 1533 1498 1542 ·
1542 1512 1556 1532 ⁴
1569 1519 1606 1550 et
1626 1512 1721 1551 dixit

1326 1573 1377 1612 illi
1397 1574 1456 1612 ihs
1470 1595 1479 1604 ·
1520 1575 1612 1624 quid
1631 1574 1726 1613 mihi

789 763 945 813 filippus
964 762 1134 801 nathana

789 825 846 863 el·
889 832 928 863 et
948 825 1041 865 dixit
1060 825 1136 862 illi·
1181 837 1255 876 que

788 887 940 938 scripsit
959 899 1115 938 moyses

787 950 829 988 in
847 950 933 999 lege
953 956 991 988 et
1010 950 1159 1001 profete

789 1011 1017 1050 Inuenimus
1038 1012 1118 1050 ihm
1137 1013 1163 1050 fi
1207 1046 1211 1051 s

788 1074 882 1112 lium
901 1074 1040 1125 ioseph
1095 1087 1119 1113 a
1137 1087 1188 1113 na

789 1137 920 1176 zareth
934 1157 943 1167 ·
986 1138 1014 1158 ⁴²⁶
1026 1143 1064 1175 et
1084 1137 1180 1176 dixit

787 1199 841 1237 illi
860 1199 1068 1238 nathanael
1083 1220 1092 1230 ·
1123 1212 1171 1238 ex

787 1262 974 1301 nazareth
992 1268 1120 1312 potest

788 1324 933 1374 aliquid
952 1325 1046 1363 boni
1065 1336 1150 1363 esse
1166 1345 1175 1354 ·

791 1387 883 1426 dicit
901 1387 954 1425 illi
972 1387 1125 1438 filippus
1143 1399 1192 1426 ue

789 1451 830 1487 ni
854 1456 892 1487 et
910 1449 998 1487 uide
1015 1469 1024 1479 ·
1067 1450 1096 1470 ⁴⁷
1107 1449 1203 1487 uidit

788 1511 848 1550 ihs
867 1511 1074 1550 nathanael
1090 1512 1181 1550 ueni

789 1581 920 1613 entem
935 1574 985 1612 ad
1004 1586 1045 1612 se
1061 1595 1070 1604 ·
1100 1580 1139 1612 et
1153 1574 1247 1613 dixit

287 771 346 803 tes
366 777 409 803 se
456 771 495 803 et
514 764 609 803 dixit
627 763 700 801 illis
716 783 725 793 ·

286 827 379 878 quid
398 826 577 878 quaeritis
594 847 603 856 ·

286 889 341 928 At
358 889 412 927 illi
431 889 610 928 dixerunt
627 888 664 927 ei

284 952 396 990 rabbi
415 951 522 1002 quod
539 951 637 989 inter

286 1019 457 1065 pretatur
474 1014 601 1064 magis

285 1082 345 1115 ter
395 1076 463 1114 ubi
482 1088 619 1114 manes
635 1096 644 1105 ·

285 1138 315 1161 ⁸’
325 1138 433 1178 Dixit
450 1139 524 1177 illis
541 1139 672 1177 uenite

286 1208 326 1240 et
343 1202 473 1241 uidete
486 1222 495 1232 ·
537 1213 639 1240 uene

285 1270 374 1302 runt
393 1270 431 1302 et
448 1263 628 1302 uiderunt

286 1326 354 1365 ubi
372 1327 556 1365 manebat
568 1347 577 1356 ·
618 1325 671 1364 Et

285 1388 391 1438 apud
409 1388 516 1426 illum
539 1400 634 1426 man

288 1457 418 1489 serunt
437 1450 501 1488 illa
520 1450 582 1488 die
597 1470 607 1480 ·

288 1512 403 1551 Hora
425 1519 504 1554 erat
526 1512 603 1551 fere
624 1512 673 1551 de

286 1575 389 1614 eima
401 1596 410 1606 ·
452 1575 482 1596 ⁴⁰
493 1575 586 1613 Erat
605 1587 657 1613 an

1830 769 1916 801 rant
1936 775 2078 813 aquarn
2095 784 2104 794 ·

1830 824 1944 863 Tunc
1964 832 2079 864 uocat
2098 830 2248 876 sponsfi

1830 888 2104 926 architriclinus

1830 947 1859 970 ¹⁰
1870 957 1908 988 et
1928 950 2022 988 dixit
2041 950 2094 988 illi
2107 971 2116 980 ·
2154 951 2284 989 omnis

1829 1011 1949 1050 homo
1969 1012 2138 1062 primum
2157 1013 2197 1050 ui

1829 1085 1923 1111 num
1942 1075 2091 1113 bonum
2111 1075 2223 1124 ponit
2238 1095 2248 1106 ·

1829 1135 1969 1174 deinde
1988 1148 2078 1174 cum
2098 1137 2217 1179 inebri

1828 1199 1880 1237 ati
1898 1198 2038 1236 fuerint
2057 1198 2166 1236 homi

1828 1272 1898 1298 nes
1918 1261 1958 1299 id
1978 1261 2084 1311 quod
2104 1261 2228 1299 deteri

1826 1333 1872 1360 us
1888 1340 1897 1348 ·
1940 1328 1981 1360 tu
2000 1329 2127 1361 autem
2146 1334 2192 1364 us

1826 1396 1902 1435 que
1921 1397 2025 1423 nunc
2046 1397 2176 1423 seruas

1828 1447 1855 1485 ti
1871 1448 2017 1485 bonum
2035 1447 2170 1502 uinum
2184 1467 2193 1477 ·

1828 1507 1855 1529 ¹¹
1869 1508 1961 1547 Hoc
1980 1509 2148 1559 primum
2167 1509 2278 1551 initifi

1828 1570 1919 1610 fecit
1938 1571 1997 1609 ihs
2017 1571 2173 1621 signum

1329 1667 1366 1699 et
1384 1661 1452 1699 tibi
1471 1661 1608 1700 mulier
1662 1674 1744 1700 non

1327 1722 1419 1760 dum
1439 1724 1545 1761 uenit
1565 1723 1661 1762 hora
1680 1736 1768 1762 mea
1784 1744 1793 1755 ·

1325 1784 1340 1805 ⁵
1352 1785 1459 1824 Dixit
1478 1792 1605 1824 autem
1626 1793 1748 1826 mater

1326 1847 1392 1885 ihu
1412 1848 1595 1887 ministris
1608 1869 1617 1878 ·

1324 1910 1596 1961 quodcumque
1620 1910 1709 1950 dixe

1322 1973 1369 2010 rit
1387 1973 1500 2011 uobis
1519 1973 1632 2012 facite

1323 2035 1336 2055 ⁶
1348 2034 1470 2073 Erant
1481 2041 1611 2074 autem
1623 2035 1790 2086 hydreae

1323 2096 1498 2147 lapideae
1522 2109 1590 2136 sex
1610 2098 1736 2148 posite

1325 2159 1539 2198 secundum
1557 2160 1669 2209 purifi

1325 2222 1521 2259 cationem
1540 2221 1725 2260 iudaeori‘i
1738 2242 1747 2252 ·

790 1662 840 1700 de
860 1661 926 1700 illo
943 1682 952 1692 ·
993 1660 1098 1701 Ecce
1116 1673 1230 1700 uerus

790 1724 1002 1762 israhelites
1064 1724 1104 1761 in
1123 1735 1202 1773 quo

791 1786 903 1825 dolus
922 1798 1004 1824 non
1024 1792 1082 1824 est
1098 1806 1107 1816 ·
1150 1785 1179 1806 *Β
1193 1785 1243 1824 Di

789 1849 840 1887 cit
858 1849 911 1886 illi
930 1847 1138 1886 nathanael

788 1910 894 1949 unde
911 1923 976 1949 me
995 1911 1097 1949 nosti
1110 1931 1120 1940 ·

791 1972 1013 2023 Respondit
1059 1972 1119 2011 ihs

791 2042 830 2075 et
850 2035 946 2074 dixit
965 2035 1016 2072 illi
1070 2041 1160 2074 ante

791 2110 910 2148 quam
928 2103 966 2135 te
986 2097 1140 2147 filippus

791 2166 950 2198 uocaret
1004 2171 1095 2198 cum
1114 2171 1200 2198 eses

792 2223 863 2264 sub
878 2223 1015 2260 arbore
1035 2222 1097 2260 fici

792 2285 871 2323 uidi
890 2291 927 2323 te
944 2305 953 2314 ·
997 2285 1025 2305 ⁴⁹
1039 2284 1202 2334 Respon

793 2347 849 2386 dit
867 2346 1074 2385 nathanael
1093 2352 1131 2384 et

793 2410 888 2448 dixit
907 2409 942 2448 ei
997 2408 1107 2446 rabbi
1126 2413 1167 2445 tu
1185 2419 1228 2446 es

795 2472 895 2509 filius
915 2471 954 2509 di
967 2491 976 2501 ·
1005 2477 1047 2509 tu
1065 2482 1107 2509 es
1123 2482 1191 2508 rex

792 2533 840 2572 isi
855 2553 864 2562 ·
904 2532 934 2554 ⁵⁰
949 2532 1169 2582 Respondit

792 2596 851 2634 ihs
870 2602 909 2634 et
928 2595 1022 2633 dixit
1041 2594 1115 2632 illi·
1157 2593 1247 2643 quia

793 2658 871 2695 dixi
890 2657 971 2695 uidi
990 2663 1027 2694 te
1047 2657 1118 2694 sub
1138 2668 1180 2694 ar

790 2721 884 2758 bore
904 2719 967 2757 fici
986 2719 1109 2757 credis
1125 2738 1134 2748 ·

790 2782 939 2820 maiora
958 2780 1097 2818 horum
1114 2779 1155 2818 ui

792 2843 902 2882 debis
915 2863 924 2873 ·
966 2840 994 2863 ⁵²
1009 2841 1060 2884 Et
1079 2841 1172 2883 dixit
1191 2841 1226 2881 ei

289 1662 402 1702 dreas
421 1662 535 1700 frater
554 1662 656 1700 simo

287 1725 350 1763 nis
370 1725 469 1775 petri
514 1736 616 1762 unus
636 1724 686 1763 de

287 1786 438 1826 duobus
451 1808 461 1818 ·
490 1787 556 1836 qui
577 1786 690 1825 audie

288 1855 376 1895 rant
395 1850 445 1888 ab
463 1849 634 1887 iohanne

289 1917 330 1950 et
347 1911 467 1950 secuti
487 1911 639 1949 fuerant
657 1917 750 1950 eu*-

287 1973 318 1996 ⁴²
329 1973 483 2012 Inuenit
497 1973 559 2012 hic
578 1974 736 2023 primu*

289 2035 444 2075 fratrem
463 2047 575 2074 suum
596 2035 627 2074 si

290 2110 452 2138 monem
472 2105 510 2136 et
529 2098 623 2136 dixit
641 2097 700 2136 ei·

287 2161 513 2199 Inuenimus
531 2160 708 2198 messia*

289 2223 395 2274 quod
414 2224 645 2273 interpraeta

291 2291 352 2324 tur
370 2289 445 2335 xps
459 2305 468 2315 ·
508 2285 538 2306 ⁴²
551 2290 588 2323 et
600 2283 759 2322 adduxit

290 2347 395 2391 illum
417 2347 467 2386 ad
486 2347 567 2385 ihm
582 2367 591 2376 ·
634 2346 684 2385 Et
703 2358 743 2385 re

294 2410 463 2460 spiciens
482 2421 570 2447 eum
591 2408 651 2447 ihs

293 2472 390 2511 dixit
407 2478 450 2510 tu
468 2484 510 2510 es
530 2472 658 2510 simon

291 2534 390 2572 filius
408 2534 523 2572 ionae
541 2539 582 2570 tu
600 2545 702 2571 uoca

291 2596 393 2634 beris
412 2595 556 2646 cephas
576 2594 677 2645 quod

293 2658 561 2708 interpretatur
578 2669 629 2707 pe

290 2726 392 2758 trus·
432 2718 460 2739 ⁴³
474 2718 659 2768 Sequenti

288 2788 418 2820 autem
438 2781 499 2819 die
518 2780 639 2818 uoluit

288 2843 482 2895 proficisci
503 2843 544 2881 in
562 2842 742 2893 galilea--

1829 1658 1869 1695 in
1889 1670 1986 1696 cana
2004 1658 2166 1708 galileae
2180 1678 2189 1688 ·
2231 1664 2270 1696 et

1829 1720 2091 1758 manifestauit
2109 1719 2209 1770 glori

1828 1794 1892 1821 am
1912 1794 2023 1821 suam
2036 1803 2044 1812 ·
2089 1788 2126 1820 et
2146 1794 2211 1821 cre

1827 1844 2005 1883 diderunt
2024 1845 2064 1881 in
2084 1844 2191 1881 illum

1827 1906 2006 1957 discipuli
2023 1906 2106 1944 eius
2119 1926 2128 1935 ·
2144 1927 2200 1933 —-

1825 1966 1855 1988 ¹²
1866 1968 1960 2007 Post
1978 1968 2050 2006 hec
2074 1967 2275 2006 descendit

1825 2042 2059 2080 capernaum
2079 2030 2160 2080 ipse

1824 2098 1862 2130 et
1884 2098 2006 2130 mater
2026 2092 2107 2129 eius
2156 2097 2195 2130 et

1824 2153 2002 2204 discipuli
2022 2154 2102 2192 eius
2119 2173 2128 2183 ·
2158 2159 2197 2191 et

1825 2216 1877 2254 ibi
1896 2221 2119 2254 manserunt
2138 2227 2220 2254 non

1824 2279 1967 2316 multos
1987 2278 2069 2316 dies
2086 2298 2095 2308 ·

1825 2339 1853 2361 ¹³
1865 2340 1917 2379 Et
1932 2353 2021 2379 cum
2040 2341 2079 2377 in
2098 2339 2278 2390 proximo

1826 2410 1927 2441 esset
1947 2402 2094 2454 pascha
2113 2402 2202 2440 iude

1325 2291 1510 2333 capentes
1530 2290 1736 2323 metraetas

1323 2346 1436 2383 binas
1455 2345 1518 2384 uel
1536 2352 1666 2384 ternas
1679 2366 1689 2376 ·

1325 2407 1339 2428 ‘¹
1351 2407 1460 2445 Dixit
1479 2407 1551 2446 illis
1570 2407 1628 2446 ihs
1650 2407 1767 2458 imple

1325 2476 1386 2509 tae
1406 2470 1562 2520 hydrias
1581 2482 1683 2520 aqua
1698 2490 1707 2500 ·
1826 2476 1937 2502 orum
1992 2470 2031 2502 et
2050 2463 2225 2505 ascendit

1325 2538 1364 2571 et
1383 2531 1640 2582 impleuerunt
1659 2543 1725 2570 eas
1825 2526 2085 2576 hierosolyma
2103 2526 2163 2564 ihs
2178 2546 2188 2556 ·

1323 2605 1446 2644 usque
1465 2593 1515 2630 ad
1535 2605 1729 2631 summum
1743 2614 1752 2624 ·
1824 2588 1854 2610 ²⁴
1865 2588 1916 2626 Et
1936 2588 2082 2627 inuenit
2100 2588 2141 2626 in
2159 2594 2239 2626 tem

1307 2653 1682 2696 ‘Etdixitillisaurite
1691 2667 1794 2696 nunc
1824 2651 1890 2701 plo
1909 2650 2122 2689 uendentes

1325 2724 1362 2756 et
1380 2717 1473 2756 ferte
1494 2717 1697 2755 architrieli
1822 2725 1917 2751 oues
1937 2718 1975 2751 et
1993 2713 2116 2751 boues
2134 2718 2173 2750 et
2191 2724 2241 2751 co

1322 2791 1375 2818 no
1389 2800 1399 2810 ·
1441 2786 1479 2818 et
1497 2778 1720 2821 atullerunt·
1821 2775 1973 2813 lumbas
2027 2780 2066 2812 et
2087 2785 2183 2812 num

1322 2840 1445 2883 ¹³Cum
1460 2847 1588 2884 autern
1599 2847 1792 2892 gustasset
1822 2837 2005 2876 mularios
2024 2836 2205 2875 sedentes

2013 2911 2079 2938 G2

2080 2953 2092 2976 ς
