2872 3268
693 310 1069 360 SPECIMEN
1129 311 1322 360 PAGE
1377 310 1473 359 OF
1526 310 1687 358 THE

275 494 358 526 1¹01.
373 494 431 525 13.

439 556 605 595 mosyna
625 550 690 583 tua
709 545 750 583 in

440 599 672 638 abscondito
689 615 697 624 ·
740 599 790 637 Et

440 659 550 705 pater
569 660 657 692 tuus
678 654 745 704 qui

439 708 546 746 uidet
564 708 604 745 in
624 709 773 746 abscon

443 762 523 801 dito
540 783 548 791 ·
591 762 674 813 ipse
694 761 763 800 red

443 817 508 855 det
528 817 594 855 tibi
614 818 654 854 in
675 816 781 854 mani

444 871 545 910 festo
563 888 571 897 ·
614 871 688 909 ⁵Et
707 882 799 908 cum
820 881 846 909 o

445 937 506 964 ras
526 937 607 963 non
626 926 700 963 eris
721 922 819 963 sicut

445 979 692 1030 hypocritae·
735 979 802 1029 qui

447 1040 580 1072 amant
600 1041 699 1073 stare
719 1034 759 1071 in
780 1045 824 1083 sy

447 1089 614 1138 nagogis
669 1095 707 1127 et
726 1089 766 1126 in
786 1100 838 1126 an

450 1143 550 1194 gulis
569 1143 787 1193 platearum

450 1203 598 1236 stantes
617 1198 779 1236 adorare
796 1223 805 1231 ·

451 1259 493 1291 ut
511 1253 716 1290 uideantur
735 1253 785 1291 ab

452 1306 678 1346 hominibus
695 1325 703 1333 ·

418 1360 564 1400 Amen
580 1362 668 1400 dico
688 1361 803 1400 uobis

453 1422 712 1467 perceperunt

456 1470 680 1509 mercedem
700 1482 812 1509 suam
829 1487 837 1496 ·

388 1524 448 1564 ⁶T
460 1537 486 1563 u
504 1531 635 1564 autem
649 1537 740 1563 cum
754 1537 844 1564 oras
858 1542 866 1551 ·

457 1580 557 1618 intra
575 1580 616 1618 in
635 1579 816 1618 cubiculi-1

459 1640 569 1673 tuum
586 1651 595 1661 ·
633 1634 686 1673 Et
704 1634 868 1673 cludens

300 1780 384 1812 1²01.
394 1779 449 1810 14.

409 1830 452 1870 H
465 1831 584 1870 abent
602 1843 732 1870 merce

465 1886 557 1924 dem
576 1898 687 1924 suam
702 1903 711 1912 ·
751 1886 780 1908 ¹⁷
789 1884 855 1925 Tu

468 1947 599 1979 autem
620 1953 710 1979 curn
728 1941 803 1979 ieiu

468 2007 542 2033 nas
591 2007 725 2045 ungue
746 2008 795 2034 ca

468 2056 538 2102 put
552 2056 661 2088 tuum
680 2057 718 2088 et
737 2050 775 2089 fa

472 2104 573 2142 ciem
588 2111 694 2142 tuam
714 2105 803 2143 laua
819 2121 828 2130 ·

445 2155 527 2197 ¹⁸ne
546 2171 684 2209 pareas
704 2159 813 2198 homi

474 2214 589 2251 nibus
610 2213 786 2252 ieiunans
802 2230 811 2240 ·

440 2266 466 2306 S
480 2267 529 2306 ed
547 2268 646 2318 patri
664 2274 732 2306 tuo
753 2267 820 2319 qui

478 2328 536 2360 est
555 2323 595 2359 in
615 2323 845 2361 abscondito
864 2346 871 2355 ·

434 2374 496 2414 Et
514 2383 623 2426 pater
641 2383 729 2415 tuus
748 2377 814 2428 qui

482 2430 587 2468 uidet
606 2431 646 2468 in
665 2431 856 2470 abscondi

481 2490 523 2522 to
538 2484 675 2524 reddet
692 2486 760 2523 tibi
774 2503 782 2512 ·

395 2536 468 2576 19Ν
482 2538 571 2576 olite
590 2539 786 2578 thensauri

486 2605 574 2630 zare
593 2595 707 2633 uobis
723 2615 731 2624 ·
779 2594 894 2634 thens

486 2658 600 2685 auros
619 2647 658 2685 in
677 2654 778 2687 terra
792 2666 801 2676 ·

487 2700 554 2737 ubi
573 2713 693 2751 erugo
713 2709 752 2740 et
769 2703 872 2742 tinea

490 2759 529 2792 et
547 2762 765 2794 comestura
782 2769 831 2795 ex

490 2809 690 2847 terminat·
731 2810 783 2851 Et
799 2812 865 2850 ubi

492 2861 594 2900 fures
609 2863 797 2903 effodiunt

494 2922 532 2955 et
550 2915 720 2956 furantur
733 2936 741 2945 ·

1433 212 1501 239 XX

1098 407 1236 446 ΜΑΤΤ.
1257 420 1306 446 vr,
1329 408 1445 454 4-28.
1505 405 1577 446 See
1597 405 1733 454 below,
1755 419 1792 457 p.
1816 416 1848 455 7.

1487 495 1663 527 F01.13b.

1038 547 1181 584 ostium
1201 552 1310 584 tuum
1326 562 1333 570 ·
1371 557 1396 583 o

1038 613 1080 638 ra
1099 606 1250 650 patrem
1268 607 1379 638 tuum

1038 655 1078 693 in
1098 655 1296 693 absconso
1313 671 1320 680 ·
1343 660 1382 692 et
1402 666 1454 704 pa

1039 716 1096 747 ter
1115 715 1204 747 tuus
1224 709 1290 759 qui
1308 708 1416 747 uidet

1039 764 1079 801 in
1100 764 1297 802 absconso
1340 762 1415 801 red.

1039 817 1107 856 det
1125 817 1194 856 tibi
1213 817 1254 855 in
1272 817 1439 856 manifes

984 900 985 903 =
1040 878 1082 911 to
1096 892 1104 901 ·
1143 872 1321 911 ''orantes
1342 885 1392 910 au

970 965 971 968 ,
1041 933 1122 965 tem
1141 926 1261 965 nolite
1280 926 1404 965 multu

1042 981 1149 1032 loqui
1177 981 1274 1020 sicut
1295 981 1459 1020 ethnici·

1044 1042 1182 1086 putant
1201 1036 1306 1074 enim
1327 1036 1435 1086 quod

1045 1091 1086 1128 in
1109 1090 1358 1141 multiloquio
1378 1102 1450 1130 suo

1046 1145 1306 1184 exaudiuntur
1323 1166 1332 1176 ·

978 1198 1037 1238 ⁸N
1050 1200 1141 1239 olite
1153 1211 1249 1250 ergo
1262 1198 1428 1238 similare

1050 1267 1120 1293 eos
1136 1270 1145 1280 ·
1187 1254 1260 1293 scit
1279 1255 1385 1293 enim
1404 1265 1457 1304 pa

1049 1315 1109 1347 ter
1127 1315 1256 1348 uester
1274 1308 1368 1359 quid
1386 1320 1439 1347 uo

1051 1364 1112 1402 bis
1130 1375 1230 1414 opus
1251 1363 1297 1402 sit
1316 1369 1406 1401 ante

1052 1430 1172 1469 quam
1192 1418 1330 1468 petatis
1349 1428 1440 1456 eum
1454 1434 1462 1443 ·

1036 1472 1112 1512 ⁹sic
1133 1484 1228 1522 ergo
1245 1479 1353 1511 orate
1372 1483 1446 1510 uos
1462 1494 1471 1504 ·

1014 1526 1046 1566 P
1059 1534 1140 1565 ater
1158 1533 1290 1565 noster

1057 1579 1117 1622 tei·
1136 1582 1257 1632 quiin
1272 1580 1388 1620 caelis
1407 1593 1450 1619 es
1463 1597 1472 1606 ·

1061 1636 1252 1676 scificetur
1271 1648 1419 1675 nomen

1407 1693 1476 1728 tufi

1613 544 1644 568 ¹⁰
1651 546 1832 585 adueniat
1850 558 1919 596 reg

1653 613 1748 639 num
1768 607 1878 639 tuum
1932 599 1999 638 fiat

1652 655 1836 694 uoluntas
1854 662 1922 693 tua
1942 655 1974 693 si

1653 716 1720 749 cut
1739 710 1780 748 in
1799 710 1908 749 caelo
1928 715 1966 748 et
1985 708 2025 746 in

1655 771 1782 803 terra·
1824 764 2003 814 11panem

1657 826 1834 858 nostrum
1853 817 1972 858 cotidi

1657 886 1778 912 anum
1798 874 1849 912 da
1867 873 1982 912 nobis

1659 927 1777 967 hodie
1832 927 1906 966 ¹²et
1925 926 2039 965 remit

1660 989 1698 1022 te
1718 982 1831 1022 nobis
1851 982 1981 1020 debita

1662 1043 1797 1076 nostra
1852 1037 1951 1075 sicut

1662 1098 1701 1131 et
1720 1103 1795 1130 nos
1815 1091 2041 1130 dimittimus

1665 1146 1905 1185 debitoribus
1925 1157 1999 1184 nos

1666 1201 1734 1240 tris
1750 1222 1758 1231 ·
1801 1200 1875 1238 ¹³et
1893 1212 1943 1238 ne
1963 1199 2058 1239 indu

1667 1267 1734 1294 cas
1754 1267 1827 1294 nos
1846 1255 1886 1292 in
1907 1260 2028 1293 temta

1670 1311 1817 1350 tionem
1830 1326 1838 1336 ·
1881 1309 1951 1348 sed
1969 1309 2046 1348 libe

1669 1377 1713 1402 ra
1731 1375 1805 1403 nos
1828 1376 1851 1402 a
1870 1363 1975 1402 malo

1670 1423 1767 1470 qsun
1786 1425 1895 1456 tuum
1915 1423 1974 1456 est

1671 1484 1838 1524 regnum
1854 1479 1964 1511 tuum
1976 1477 2015 1510 et
2028 1472 2087 1510 uir

1673 1535 1734 1567 tus
1753 1533 1792 1566 et
1811 1527 1934 1577 gloria
1952 1526 1993 1564 in

1673 1582 1805 1622 secula
1824 1593 1963 1620 amen·
2007 1579 2038 1603 ¹⁴
2048 1580 2089 1620 Si

1673 1637 1779 1676 enim
1798 1635 2017 1676 dimiseritis

1513 1781 1688 1813 F01.14b.

973 1830 1047 1872 20Τ
1061 1832 1326 1872 hensaurizate
1345 1844 1397 1870 au
1454 1832 1458 1836 ⁴

1059 1895 1140 1928 tem
1159 1888 1273 1926 uobis
1320 1887 1437 1925 thens

1062 1954 1180 1981 auros
1195 1942 1235 1980 in
1251 1941 1382 1981 caelo·
1412 1940 1480 1979 ubi

1063 2008 1192 2047 neque
1213 2008 1335 2046 erugo
1349 2014 1357 2023 ·
1397 2007 1448 2034 ne

1067 2064 1143 2102 que
1163 2052 1267 2090 tinea
1281 2069 1290 2077 ·
1335 2062 1464 2101 neque

1069 2112 1288 2145 comestura
1307 2111 1415 2143 exter

1069 2160 1213 2199 minat·
1255 2166 1293 2198 et
1311 2160 1379 2198 ubi
1398 2159 1439 2197 fu

1072 2226 1134 2252 res
1153 2226 1236 2253 non
1255 2214 1446 2252 effodiunt

1072 2274 1110 2307 et
1128 2268 1300 2306 furantur
1313 2285 1322 2294 ·

983 2320 1058 2361 ²¹U
1072 2323 1111 2361 bi
1130 2323 1235 2360 enim
1254 2322 1367 2361 fuerit

1073 2377 1301 2416 thensaurus
1319 2383 1409 2416 tuus

1074 2432 1126 2470 ibi
1144 2432 1216 2470 erit
1233 2438 1272 2470 et
1290 2443 1359 2470 cor
1378 2438 1486 2470 tun--

993 2485 1063 2524 ²²L
1074 2498 1219 2525 ucerna
1241 2486 1416 2536 corporis

1075 2541 1129 2579 tui
1148 2547 1205 2579 est
1217 2540 1350 2580 oculus
1365 2546 1453 2579 tuus
1466 2558 1532 2570 ·—-

1039 2594 1090 2634 Si
1110 2595 1246 2634 oculus
1263 2600 1352 2634 tuus
1372 2595 1446 2634 sim

1079 2649 1171 2701 plex
1190 2649 1303 2688 fuerit
1318 2666 1327 2675 ·
1370 2654 1454 2689 toti-1

1082 2716 1225 2754 corpus
1244 2710 1354 2742 tuum
1373 2704 1413 2743 lu

1079 2759 1212 2798 cidum
1230 2758 1300 2796 erit
1316 2776 1324 2785 ·
1342 2776 1351 2785 ·
1391 2756 1420 2779 ²³
1429 2758 1468 2798 Si
1488 2770 1537 2798 au

1083 2820 1163 2851 tem
1182 2813 1319 2851 oculus
1338 2819 1426 2851 tuus

1085 2879 1255 2918 nequam
1274 2867 1386 2906 fuerit
1406 2884 1414 2894 ·

1032 2921 1068 2959 T
1084 2928 1191 2961 otum
1210 2933 1351 2973 corpus
1370 2922 1439 2961 tufi

1677 1831 1929 1871 tenebrosum
1947 1831 2017 1870 erit
2032 1848 2041 1857 ·

1639 1887 1691 1927 Si
1710 1898 1805 1937 ergo
1824 1885 1957 1924 lumen
1977 1884 2080 1936 qu⁰d

1678 1943 1719 1980 in
1738 1948 1775 1980 te
1795 1947 1854 1979 est
1873 1941 2032 1979 tenebre

1680 2002 1771 2035 sunt
1783 2013 1791 2022 ·
1833 1995 1917 2045 ipse
1936 2001 2025 2033 tene

1681 2051 1750 2088 bre
1771 2055 1913 2101 quante
1934 2055 2024 2088 sunt
2038 2068 2047 2078 ·

1597 2104 1672 2144 24Ν
1685 2117 1776 2144 emo
1795 2110 1924 2154 potest
1943 2104 2022 2142 duo

1682 2160 1756 2198 bus
1776 2158 1944 2197 dominis
1959 2170 2020 2196 ser

1683 2214 1766 2252 uire
1783 2230 1791 2239 ·
1836 2213 1917 2251 Aut
1936 2212 2041 2251 enim

1683 2280 1806 2306 unum
1825 2267 1930 2306 odiet
1981 2272 2021 2306 et

1686 2323 1848 2361 alterum
1867 2321 2036 2360 amabit·

1640 2376 1678 2415 A
1691 2383 1734 2415 ut
1753 2388 1876 2415 unum
1895 2376 1998 2426 patie

1687 2437 1748 2469 tur
1800 2437 1839 2469 et
1858 2430 2020 2469 alterum

1689 2490 1914 2525 contemnet
1928 2505 1937 2514 ·
1978 2496 2061 2523 non

1692 2540 1852 2591 potestis
1871 2540 1923 2578 do
1944 2551 2006 2578 ser

1692 2595 1773 2633 uite
1792 2599 1830 2632 et
1848 2605 2024 2632 mammo

1694 2662 1744 2688 ne
1757 2666 1766 2675 ·
1806 2649 1941 2687 ²⁵1de0
1963 2648 2051 2687 dico

1693 2703 1805 2743 uobis
1857 2715 1908 2741 ne
1927 2702 2056 2753 cogite

1695 2758 1743 2798 tis
1762 2758 1803 2796 in
1823 2757 1941 2796 corde
1959 2769 2030 2796 ues

1695 2819 1754 2852 tro
1806 2811 1900 2864 quid
1919 2810 2067 2850 mandu

1695 2867 1791 2906 cetis
1805 2886 1814 2896 ·
1858 2873 1923 2906 aut
1942 2865 2037 2917 quid

1695 2921 1835 2961 bibatis
1851 2938 1859 2949 ·
1896 2932 2024 2972 neque

1744 309 1905 359 MAN
1918 308 2252 358 USCRIPT.

2252 543 2476 583 hominibus
2495 555 2570 594 pec

2252 604 2339 638 cata
2358 610 2495 637 eorum
2510 614 2519 624 ·
2560 596 2600 636 di

2251 653 2370 692 mittet
2380 653 2492 692 uobis
2507 658 2546 692 et
2556 657 2668 702 pater

2252 714 2380 747 uester
2398 708 2466 758 qui
2485 713 2544 746 est
2561 707 2602 745 in

2255 763 2371 801 celis·
2413 761 2443 783 ¹⁶
2453 761 2493 800 Si
2512 767 2643 800 autem

2256 829 2339 856 non
2358 816 2530 855 remiseri

2255 872 2304 910 tis
2323 871 2547 909 hominibus

2258 932 2425 977 peccata
2443 936 2580 963 eorum
2596 941 2606 951 ·

2258 993 2332 1019 nec
2352 986 2462 1030 pater
2479 985 2608 1018 uester

2258 1035 2427 1074 remittet
2440 1034 2554 1072 uobis

2259 1095 2423 1141 peccata
2437 1096 2566 1127 uestra
2580 1103 2636 1122 ω

2161 1146 2224 1178 ine.
2238 1143 2320 1178 ²⁶0*
2365 1160 2420 1178 ses
2466 1159 2522 1175 m
2608 1151 2611 1154 ’

2228 1201 2261 1235 C
2272 1212 2347 1237 um
2366 1204 2508 1237 autem
2529 1201 2618 1235 ieiu

2263 1258 2378 1292 natis
2399 1274 2406 1283 ·
2427 1249 2610 1290 nolite’fi

2266 1313 2330 1346 eri
2348 1313 2460 1346 sicut
2479 1311 2593 1352 hypo

2267 1367 2398 1400 aritae
2417 1366 2563 1400 tristes
2579 1389 2588 1399 .

2213 1415 2249 1454 E
2261 1416 2497 1455 xterminant
2515 1419 2579 1454 eni

2269 1471 2385 1510 facies
2404 1482 2494 1509 suas
2512 1475 2555 1508 ut

2268 1531 2431 1576 pareant
2449 1522 2599 1562 homini

2270 1581 2343 1618 bus
2366 1579 2581 1618 ieiunantes
2596 1594 2605 1603 ·

2221 1634 2259 1674 A
2270 1647 2364 1674 men
2383 1634 2472 1674 dico
2489 1632 2604 1672 uobis

2275 1830 2431 1880 corpori
2449 1835 2581 1879 uestro
2593 1844 2603 1855 ·

2276 1885 2371 1936 quid
2388 1883 2579 1923 induatis·
2602 1894 2688 1922 non

2276 1951 2326 1978 ne
2347 1939 2477 1977 anima
2496 1938 2617 1989 pluris

2277 2000 2337 2032 est
2355 2005 2473 2044 quam
2492 2005 2584 2031 esca
2598 2009 2607 2019 ·

2277 2054 2315 2087 et
2334 2059 2478 2098 corpus
2497 2058 2619 2098 quam

2277 2103 2506 2141 uestimenta
2521 2121 2530 2130 ·

2196 2156 2269 2196 ²⁶R
2280 2157 2438 2207 espicite
2457 2155 2604 2195 uolatili

2277 2224 2301 2250 a
2319 2211 2416 2250 caeli
2431 2228 2440 2237 ·
2481 2214 2578 2261 qfim
2595 2221 2678 2250 non

2278 2271 2412 2305 serunt
2466 2277 2595 2315 neque

2279 2326 2430 2359 metunt
2445 2339 2453 2349 ·
2497 2331 2626 2370 neque

2281 2380 2524 2424 congregant
2541 2374 2583 2412 in

2284 2429 2425 2467 horreo
2439 2446 2448 2455 ·
2489 2428 2541 2466 Et
2558 2433 2670 2479 pater

2286 2490 2414 2522 uester
2428 2482 2605 2522 caelestis

2288 2538 2353 2577 alit
2371 2537 2454 2576 illas
2470 2557 2479 2567 ·
2519 2548 2651 2576 nonne

2288 2592 2414 2643 magis
2431 2603 2505 2631 uos
2523 2591 2645 2643 pluris

2288 2648 2381 2686 estis
2399 2646 2471 2685 illis
2485 2663 2494 2674 ·
2537 2646 2567 2669 ²⁷
2574 2645 2673 2694 Quis

2289 2708 2419 2741 autem
2440 2713 2489 2740 ex
2507 2700 2620 2740 uobis
2638 2711 2688 2740 co

2288 2755 2450 2807 gitando
2469 2760 2599 2807 potest

2290 2811 2464 2850 adicere·
2504 2809 2556 2848 ad
2574 2814 2677 2848 statu

2289 2877 2374 2904 ram
2394 2876 2504 2904 suam
2522 2863 2655 2902 cubitii

2291 2931 2412 2958 unum
2431 2938 2441 2949 ·
2461 2918 2488 2940 '⁸
2500 2917 2551 2957 Et
2569 2917 2618 2957 de
2639 2915 2708 2956 ind
