2872 3268
396 342 478 374 1¹01.
502 343 564 376 85.

603 231 660 277 74

603 340 655 381 ad
674 340 856 392 angelum
873 361 882 372 -
926 352 1005 392 quo

603 404 725 444 modo
746 404 815 443 erit
834 404 911 443 hoc
930 424 939 434 ·

603 466 713 519 quod
731 467 858 505 uirum
878 478 959 504 non

603 530 698 570 noui
715 551 724 560 ·
743 530 773 551 ⁸⁶
787 530 838 568 Et
856 536 991 579 respon

605 593 704 631 dens
722 592 884 642 angelus
904 591 1000 629 dixit

605 655 682 693 illi·
723 658 790 704 sps
810 659 871 693 scs
892 659 1002 703 super

605 718 735 756 ueniet
754 717 794 755 in
813 723 850 755 te
896 716 948 754 Et

604 781 723 819 uirtus
743 778 918 818 altissimi

604 842 840 881 inumbrabit
864 841 956 879 tibi·

604 905 779 955 Ideoque
799 910 836 942 et
855 903 964 954 quod

604 974 783 1005 nascetur
803 971 886 1004 scm

603 1030 804 1068 uocabitur
823 1029 923 1067 filius

603 1093 643 1131 di
655 1113 664 1123 ·
694 1093 722 1114 ³⁶
733 1092 784 1130 Et
802 1105 894 1131 ecce
913 1091 1036 1130 belisa

605 1155 699 1194 beth
718 1161 888 1205 cognata
906 1161 973 1193 tua

606 1225 644 1257 et
663 1218 748 1268 ipsa
768 1218 951 1268 concepit

606 1282 727 1319 filium
747 1281 787 1319 in
806 1293 923 1320 senec

604 1351 685 1383 tute
705 1356 775 1382 sua
791 1365 800 1374 ·
844 1351 882 1382 et
901 1343 964 1382 hic

604 1407 750 1446 mensis
769 1413 828 1446 est
848 1413 981 1446 sextus
995 1427 1005 1438 ·

604 1470 658 1508 illi
677 1470 743 1521 qui
761 1476 925 1509 uocatur

604 1533 753 1571 sterelis
769 1554 778 1563 ·
808 1532 838 1554 ⁸⁷
850 1532 942 1583 quia

602 1633 687 1659 non
707 1626 765 1659 est
782 1619 1010 1670 inpossibile

602 1683 655 1722 do
674 1695 792 1722 omne
810 1683 974 1721 uerbum
995 1703 1004 1712 -

602 1744 630 1767 ⁸⁸
643 1744 751 1783 Dixit
771 1751 891 1783 autem
909 1744 1032 1783 maria

601 1820 695 1847 ecce
715 1807 858 1847 ancilla
877 1807 943 1846 dni
963 1819 1042 1845 con

599 1871 724 1921 tingat
742 1871 836 1908 mihi
857 1869 1059 1909 secundu-

599 1934 763 1972 uerbum
782 1939 891 1972 tuum
908 1954 916 1963 -
961 1939 999 1971 et

601 1996 772 2036 disce⁸sit
791 1996 842 2034 ab
861 1996 923 2034 illa
943 2008 993 2034 an
1008 2006 1072 2040 fine

578 2059 715 2108 †gelus
729 2080 737 2089 ·
771 2061 794 2100 †
808 2059 1072 2110 ³⁹Exsurgens

601 2129 732 2160 autem
751 2122 874 2160 maria
892 2122 932 2160 in
953 2123 1014 2161 die

601 2184 676 2223 bus
694 2184 767 2222 illis
787 2185 877 2222 abiit
897 2185 937 2222 in

601 2253 791 2285 montana
810 2259 900 2285 cum
920 2247 1006 2286 festi

599 2309 759 2347 natione
777 2309 818 2347 in
837 2309 989 2348 ciuitate

598 2371 737 2410 iudeae
754 2393 763 2402 ·
792 2371 823 2392 ⁴⁰
834 2378 872 2411 et
894 2372 1050 2411 intrauit

597 2434 639 2471 in
660 2434 822 2472 domurn
842 2434 1043 2474 zachariae

599 2503 638 2534 et
657 2497 835 2535 salutauit
854 2497 1040 2536 elisabeth
1057 2519 1065 2529 ·

600 2557 630 2580 ⁴¹
642 2565 680 2596 et
699 2559 843 2597 factum
863 2566 922 2598 est
940 2566 983 2599 ut
1003 2573 1053 2600 au

601 2621 695 2659 diuit
716 2622 944 2661 salutatione

602 2684 744 2722 mariae
763 2684 976 2724 helisabeth
990 2707 998 2716 ·

603 2746 786 2785 exultauit
802 2747 929 2787 infans

604 2805 645 2845 in
664 2814 773 2847 utero
792 2809 873 2848 eius

1511 220 1671 263 SECD
1687 242 1696 253 ·

1106 339 1157 378 Et
1176 339 1324 389 repleta
1342 345 1400 377 est
1420 342 1494 388 spu

1107 407 1175 441 sco
1192 401 1379 440 elisabeth
1396 422 1405 431 ·
1434 401 1522 440 ⁴²Et

1107 463 1337 503 exclamauit
1356 476 1454 503 uoce

1108 539 1253 576 magna
1273 532 1311 564 et
1331 526 1426 564 dixit
1443 546 1452 556 ·

1108 588 1322 628 Benedicta
1343 595 1384 627 tu
1404 589 1503 628 inter

1107 652 1286 690 mulieres
1300 673 1309 682 ·
1348 651 1399 689 Et
1418 652 1467 690 be

1108 714 1284 753 nedictus
1304 713 1450 753 fructus

1107 777 1253 816 uentris
1274 777 1327 816 tui
1340 798 1349 808 ·
1378 777 1407 798 ⁴³
1419 777 1470 815 Et
1489 789 1543 814 un

1107 840 1157 879 de
1176 840 1252 879 hoc
1272 839 1367 878 mihi
1412 845 1455 877 ut
1472 851 1522 877 ue

1107 903 1189 942 niat
1207 910 1331 942 mater
1352 904 1419 942 dni
1438 902 1516 941 mei

1108 966 1158 1004 ad
1176 979 1240 1005 me
1282 966 1312 988 ⁴⁴
1322 966 1430 1005 Ecce
1451 965 1551 1004 eni-

1107 1036 1149 1067 ut
1167 1029 1268 1068 facta
1287 1036 1345 1068 est
1365 1041 1445 1068 uox
1465 1040 1509 1067 sa

1107 1093 1303 1131 lutationis
1323 1099 1388 1130 tue
1408 1092 1448 1130 in

1108 1156 1263 1195 auribus
1282 1156 1380 1195 meis
1397 1177 1405 1187 ·
1445 1169 1494 1197 ex

1106 1219 1241 1257 ultauit
1261 1219 1301 1256 in
1320 1218 1463 1269 gaudio

1109 1281 1237 1320 infans
1256 1281 1297 1319 in
1315 1289 1426 1321 utero
1446 1294 1537 1321 meo
1552 1303 1560 1312 ·

1108 1345 1183 1383 ⁴⁵et
1202 1345 1315 1383 beata
1335 1357 1435 1396 quae
1455 1345 1565 1384 credi

1109 1408 1196 1447 disti
1212 1429 1220 1438 ·
1262 1412 1360 1459 'qfim
1379 1410 1477 1459 perfi

1109 1471 1258 1510 cientur
1276 1485 1322 1510 ea
1341 1485 1441 1523 quae
1461 1474 1522 1514 dic

1108 1539 1148 1572 ta
1168 1541 1257 1573 sunt
1275 1535 1343 1573 tibi
1363 1548 1386 1574 a
1402 1536 1481 1576 dfio

1108 1621 1138 1642 ⁴⁶
1147 1620 1198 1659 Et
1218 1621 1312 1660 dixit
1330 1624 1452 1663 maria
1471 1637 1564 1676 mag

1108 1683 1240 1722 nificat
1259 1685 1387 1724 anima
1406 1699 1495 1727 mea

1108 1746 1204 1785 dnm
1231 1747 1262 1768 ⁴⁷
1274 1754 1312 1786 et
1331 1749 1514 1788 exultauit

1107 1813 1174 1859 sps
1194 1822 1304 1849 meus
1323 1811 1363 1850 in
1383 1812 1435 1851 do
1456 1825 1500 1852 sa

1105 1872 1215 1911 lutari
1234 1886 1324 1913 meo
1341 1896 1350 1905 ·
1381 1875 1409 1896 ⁴⁸
1421 1876 1513 1926 quia

1104 1936 1274 1986 respexit
1293 1936 1468 1978 humilita

1105 2004 1183 2036 tem
1204 1999 1363 2039 ancillae
1383 2013 1476 2040 suae
1493 2023 1502 2033 ·

1104 2060 1209 2100 Ecce
1224 2063 1328 2101 enim
1344 2076 1394 2102 ex
1408 2064 1482 2104 hoc
1499 2066 1572 2105 bea

1104 2129 1185 2162 tam
1204 2137 1268 2163 me
1288 2126 1418 2165 dicent
1438 2140 1505 2166 om

1103 2198 1174 2224 nes
1193 2189 1465 2237 generationes
1480 2212 1488 2221 ·

1102 2249 1132 2270 ⁴⁹
1141 2248 1243 2296 Quia
1258 2250 1346 2289 fecit
1358 2253 1453 2291 mihi
1465 2266 1558 2305 mag

1102 2323 1153 2349 na
1173 2313 1239 2363 qui
1258 2320 1397 2363 potens

1102 2380 1161 2412 est
1176 2395 1184 2404 ·
1229 2382 1266 2413 et
1285 2381 1369 2414 scm
1389 2390 1535 2418 nomen

1101 2436 1184 2475 eius
1201 2458 1210 2467 ·
1240 2438 1270 2459 ⁵⁰
1281 2445 1319 2477 et
1339 2440 1468 2480 miseri

1101 2500 1235 2539 cordia
1254 2502 1335 2540 eius
1353 2503 1393 2540 in
1413 2516 1484 2554 pro

1101 2563 1257 2613 geniem
1277 2570 1316 2602 et
1337 2578 1461 2616 proge

1101 2626 1206 2663 niem
1225 2626 1448 2668 timentibus

1102 2701 1193 2726 eum
1207 2709 1216 2718 ·
1245 2688 1273 2710 ⁵¹
1286 2689 1375 2728 fecit
1394 2704 1447 2742 po

1100 2751 1260 2790 tentiam
1279 2752 1318 2790 in
1338 2754 1496 2796 brachio

1101 2826 1195 2854 suo·
1230 2815 1423 2868 Disparsit

1649 339 1841 389 superbos
1860 346 1990 379 mente

1650 401 1779 440 cordis
1798 402 1973 452 ipsorum

1648 462 1679 485 ⁶²
1691 463 1887 514 Deposuit
1905 471 2086 516 potentes

1648 526 1698 565 de
1718 527 1812 565 sede
1860 534 1899 566 et
1918 529 2046 568 exalta

1649 590 1704 627 uit
1723 589 1909 629 humiles·
1940 591 1968 612 ⁶³
1981 603 2052 630 esu

1648 652 1790 691 rientes
1809 653 1984 703 impleuit

1648 715 1762 754 bonis
1777 736 1786 745 ·
1827 722 1866 754 et
1885 716 2024 756 diuites

1650 777 1794 816 dimisit
1813 778 1951 818 inanes
1968 800 1977 810 ·

1649 839 1679 861 ⁵⁴
1692 840 1867 891 Suscepit
1886 842 1934 880 isi
1952 846 2075 893 pueri-1

1649 914 1764 942 suum
1780 924 1789 934 ·
1830 916 2006 944 memora

1648 966 1679 1004 ri
1695 966 1983 1007 misericordiae

1648 1028 1678 1050 55
1690 1029 1790 1068 sicut
1803 1030 1957 1070 locutus
1977 1037 2038 1070 est

1648 1092 1699 1130 ad
1719 1098 1845 1142 patres
1866 1100 2017 1133 nostros

1648 1154 1835 1193 abraham
1855 1162 1893 1194 et
1913 1157 2011 1195 semi

1648 1217 1689 1255 ni
1708 1217 1790 1256 eius
1810 1219 1849 1256 in
1870 1219 1999 1258 secula
2012 1241 2022 1250 ·

1648 1279 1676 1301 55
1689 1280 1835 1319 Mansit
1855 1289 1986 1320 autem
2006 1295 2071 1322 ma

1648 1343 1704 1381 ria
1724 1355 1814 1381 cum
1834 1343 1898 1382 illa
1918 1357 2010 1383 men

1648 1405 1754 1444 sibus
1773 1406 1894 1445 tribus
1941 1414 1980 1446 et

1646 1479 1801 1507 reuersa
1821 1475 1879 1508 est
1898 1470 1938 1507 in
1959 1470 2011 1508 do

1647 1542 1714 1568 mo
1735 1543 1804 1569 sua
1817 1552 1826 1561 ·
1855 1529 1885 1553 ⁵⁷
1896 1532 2097 1572 Elisabeth

1646 1624 1778 1656 autem
1797 1619 1978 1669 impletus
1998 1627 2056 1660 est

1645 1685 1800 1730 tempus
1821 1682 1999 1731 pariendi

1646 1748 1684 1780 et
1702 1744 1853 1793 peperit
1873 1744 1994 1783 filiurn
2009 1767 2018 1776 ·

1644 1804 1674 1826 ⁶⁸
1686 1811 1724 1843 et
1743 1806 1946 1845 audierunt
1965 1808 2083 1847 uicini

1645 1873 1683 1906 et
1703 1869 1860 1918 cognati
1879 1870 1961 1908 eius
1978 1891 1987 1900 ·
2024 1871 2115 1922 quia

1643 1930 1907 1980 magnificauit
1927 1933 2000 1971 dns

1644 1993 1907 2033 misericordia
1928 2007 1999 2034 sua

1644 2067 1736 2093 cum
1756 2068 1802 2094 ea
1815 2077 1824 2087 ·
1865 2063 1903 2096 et
1922 2066 2112 2109 congratu

1643 2117 1822 2156 labantur
1841 2120 1877 2158 ei
1893 2141 1901 2150 -
1931 2120 1962 2142 ⁵⁹
1978 2121 2029 2160 Et
2050 2123 2110 2162 fac

1642 2186 1726 2218 tum
1745 2187 1804 2219 est
1821 2182 1862 2219 in
1882 2183 1944 2221 die
1969 2190 2110 2224 octauo

1640 2248 1683 2280 ut
1702 2236 1879 2282 uenirent
1898 2251 1935 2283 et
1955 2247 2010 2285 cir

1641 2305 1904 2345 cumciderent
1924 2320 2000 2358 pue

1638 2379 1725 2404 rum
1739 2388 1747 2397 -
1778 2374 1815 2406 et
1834 2378 2072 2410 uocauerunt

1639 2441 1729 2467 eum
1749 2429 1789 2468 in
1810 2432 1971 2471 nomine
1991 2446 2042 2483 pa

1637 2491 1704 2529 tris
1724 2492 1807 2531 eius
1827 2494 2039 2533 zacharia*
2053 2517 2063 2526 ·

1627 2552 1667 2591 *⁶⁰
1678 2553 1730 2592 Et
1749 2556 1994 2605 respondens
2014 2570 2079 2597 ma

1638 2621 1696 2654 ter
1715 2616 1795 2655 eius
1816 2618 1910 2656 dixit
1926 2640 1934 2649 ·
1965 2632 2046 2659 non
2062 2642 2071 2651 ·

1638 2681 1706 2720 sed
1714 2683 2106 2726 uocabituriohannes
2116 2709 2124 2718 ·

1638 2746 1665 2768 ⁶¹
1678 2753 1716 2785 et
1729 2747 1907 2788 dixerunt
1920 2751 1970 2789 ad
1984 2751 2081 2790 illa-
2096 2773 2105 2783 ·

1637 2821 1756 2850 nemo
1775 2817 1833 2851 est
1851 2811 1892 2851 in
1912 2814 2068 2864 cognati

1973 2887 2023 2915 ne
2041 2882 2107 2917 tua

2441 238 2484 281 [1-
2510 246 2630 283 34-70·

2151 342 2218 392 qui
2237 348 2400 382 uocatur
2418 343 2494 382 hoc

2150 405 2311 444 nomine
2327 426 2336 436 ·
2366 404 2394 427 ⁶²
2405 406 2532 444 Inriue

2152 468 2247 505 bant
2265 475 2395 507 autem
2414 475 2452 507 et
2472 468 2571 519 patri

2151 530 2234 568 eius
2254 543 2372 581 quem
2390 531 2507 570 uellet

2151 594 2284 631 uocari
2296 606 2386 632 eum
2399 615 2408 624 ·
2438 594 2466 616 55
2478 600 2515 633 et
2530 606 2624 635 acce

2154 656 2209 707 pit
2227 657 2455 706 pugillarem
2475 664 2513 697 et

2155 719 2306 769 scripsit
2325 720 2458 760 dicens
2472 742 2481 751 ·
2522 721 2561 760 io

2154 781 2305 821 hannes
2324 789 2383 821 est
2402 796 2548 822 nomen

2155 845 2236 883 eius
2277 850 2315 884 et
2333 846 2458 884 mirati
2479 853 2568 885 sunt

2154 920 2294 947 omnes
2315 930 2323 938 ·
2339 930 2348 939 ·
2370 910 2399 930 ⁶⁴
2409 909 2561 960 Apertfi

2154 977 2212 1009 est
2232 971 2360 1010 statim
2380 984 2426 1011 os
2447 972 2528 1011 eius

2153 1040 2191 1072 et
2211 1034 2343 1084 lingua
2382 1041 2419 1073 et
2436 1035 2554 1086 loque

2153 1097 2264 1135 batur
2283 1097 2520 1136 benedicens

2153 1159 2244 1199 ἀῶ·
2274 1160 2303 1181 ⁶⁵
2314 1166 2352 1198 et
2370 1159 2494 1200 factus
2513 1167 2571 1201 est

2152 1222 2270 1260 timor
2288 1234 2404 1273 super
2423 1235 2491 1262 om

2152 1297 2222 1323 nes
2241 1285 2394 1324 uicinos
2413 1290 2507 1325 eon—1
2522 1307 2532 1317 ·

2151 1353 2189 1385 et
2209 1359 2325 1397 super
2345 1349 2477 1388 omnia
2495 1357 2584 1389 m0n

2150 1416 2242 1448 tana
2259 1410 2396 1450 iudeae
2416 1411 2524 1451 diuul

2150 1473 2343 1522 gabantur
2362 1473 2459 1513 haec

2150 1535 2285 1574 omnia
2302 1536 2422 1575 uerba
2437 1557 2447 1567 ·

2150 1623 2178 1644 55
2190 1623 2240 1661 Et
2258 1631 2474 1674 posuerunt
2492 1637 2562 1664 om

2151 1698 2221 1724 nes
2240 1687 2307 1737 qui
2325 1687 2526 1726 audierant

2149 1749 2191 1786 in
2211 1750 2328 1788 corde
2347 1762 2419 1789 suo
2439 1751 2552 1790 dicen
2576 1776 2590 1787 .

2149 1817 2207 1850 tes
2263 1813 2356 1863 quid
2374 1814 2507 1865 utique

2149 1874 2219 1913 erit
2237 1887 2334 1925 puer
2352 1876 2422 1915 iste
2441 1883 2479 1915 et

2149 1937 2253 1976 enim
2272 1950 2411 1986 manus
2431 1939 2498 1978 dni

2147 2012 2238 2039 cum
2257 2001 2323 2040 illo
2337 2004 2360 2043 †
2389 2003 2418 2024 ⁶⁷
2430 2009 2468 2041 et
2487 2015 2533 2041 za

2178 2061 2242 2095 fine
2257 2062 2358 2096 lectio
2373 2064 2420 2096 sei
2436 2064 2575 2098 iohanni

2145 2123 2296 2162 charias
2315 2132 2425 2176 pater
2442 2127 2525 2166 eius

2145 2187 2325 2237 impletus
2346 2194 2403 2226 est
2421 2192 2495 2238 spu

2145 2253 2214 2287 s'c'o
2233 2255 2270 2287 et
2289 2250 2503 2300 profetabat

2144 2311 2278 2350 dicens
2300 2333 2309 2342 ·
2339 2313 2366 2334 55
2380 2313 2554 2353 Benedic

2143 2379 2204 2412 tus
2225 2374 2298 2412 dns
2318 2375 2363 2413 ds
2382 2375 2428 2414 isi
2443 2397 2451 2406 ·
2468 2377 2560 2427 quia

2141 2436 2308 2475 uisitauit
2328 2443 2365 2476 et
2384 2437 2473 2477 fecit

2141 2499 2421 2539 redemtionem
2440 2501 2503 2552 ple

2141 2562 2202 2600 bis
2222 2574 2313 2601 suae
2330 2584 2338 2593 ·
2381 2564 2409 2584 ⁶⁹
2422 2570 2459 2602 et
2477 2564 2598 2620 erexit

2141 2637 2306 2663 cornum
2327 2626 2457 2664 salutis
2480 2639 2534 2666 no

2140 2688 2198 2726 bis
2245 2689 2286 2726 in
2305 2689 2426 2728 domo
2445 2690 2566 2730 dauid

2140 2752 2250 2802 pueri
2270 2752 2329 2790 sui
2345 2769 2352 2777 ·
2395 2751 2425 2774 ⁷⁰
2437 2753 2536 2792 sicut

2141 2814 2293 2853 locutus
2317 2820 2374 2852 est
2394 2827 2464 2865 per
2482 2826 2529 2854 os

2141 2881 2298 2917 scorum
2316 2876 2512 2929 profetam-1

2662 352 2745 385 1¹01.
2763 353 2825 386 86.
