2872 3268
1000 250 1305 290 EDITORIS
1330 250 1635 292 NOTULAE.
2134 258 2212 301 147

415 364 496 400 Fol.
514 364 594 399 224.
628 364 684 408 38.
710 363 893 410 scriptura
919 365 962 400 in
987 375 1063 399 ras.
1091 365 1273 410 scrzptum
1297 367 1362 409 est,
1387 363 1456 399 sed
1482 375 1506 399 a
1539 365 1637 410 ηιμ
1698 372 1755 408 39.
1790 362 1854 398 Ho
1886 367 2012 399 autem
2044 372 2093 397 m.
2111 363 2167 408 μ,
2194 372 2216 397 c

507 421 690 465 superscr.
706 430 801 454 corr.
819 422 916 465 ηιμ

415 483 495 518 Fol.
513 483 583 518 224
596 483 633 518 b.
665 483 723 526 48.
748 483 962 529 prncipibus
980 485 1086 529 ηιμ,
1106 483 1116 518 i
1133 486 1314 530 superscr.
1332 494 1426 519 corr.
1443 485 1541 529 ηιμ

413 550 443 584 F
447 550 494 584 ol.
512 549 594 584 225.
627 549 660 584 8.
681 557 735 595 15.
759 561 834 585 non
850 561 1000 585 erasum
1016 554 1080 585 est.

413 617 493 651 Fol.
511 615 581 652 225
593 616 629 652 b.
666 617 720 652 18.
745 616 923 662 perhibeo
946 616 993 652 de
1015 617 1056 651 z'n
1079 627 1155 651 ras.
1179 617 1361 662 scnptum
1385 621 1449 662 est,
1466 616 1534 651 sed
1547 628 1572 651 a
1589 618 1687 662 ηιμ
1741 625 1794 661 19.
1818 614 2089 662 responpondit
2105 617 2216 661 ηιμ,

507 671 708 706 secundum
726 683 801 717 pon
810 671 1047 717 perlz'neauz‘t
1061 676 1098 706 et
1112 673 1298 717 expunxit
1311 683 1406 708 corr.
1424 674 1519 718 ηιμ

509 735 566 760 20.
584 726 680 762 ueba
697 728 803 772 ηιμ,
821 738 840 761 r
855 729 1037 772 superscr.
1054 737 1149 762 corr.
1166 738 1214 762 m.
1217 729 1261 773 p.
1310 727 1455 763 locutus
1471 733 1527 763 est
1544 738 1593 762 ex
1605 727 1765 762 locutust
1781 727 1946 762 correxit
1959 736 2008 761 m.
2013 727 2059 771 μ

415 793 444 827 F
448 792 495 827 ol.
512 792 583 827 226
595 792 631 827 b.
665 801 722 837 35.
756 804 858 828 serus
876 795 985 838 ηιμ,
1004 793 1153 828 addidit
1167 804 1191 828 u
1207 794 1250 828 z’n
1267 795 1441 840 margine
1456 797 1543 828 ante
1558 805 1602 829 us
1619 805 1713 829 corr.
1731 795 1828 839 ηιμ

415 858 495 893 Fol.
513 858 594 893 227.
628 866 684 902 37.
703 858 760 903 38.
785 870 883 894 serm
902 885 910 893 .
929 885 937 893 .
957 885 965 894 .
984 859 1060 904 qud
1077 861 1186 905 ηιμ,
1204 871 1227 894 o
1246 885 1254 894 .
1273 886 1281 895 .
1301 886 1308 895 .
1326 872 1349 895 o
1365 862 1547 906 superscr.
1564 870 1659 895 corr.
1677 862 1776 906 ηιμ

415 925 494 960 Fol.
512 924 581 959 227
591 925 627 960 b.
660 934 717 969 43.
734 932 792 968 47.
818 925 1048 961 uerbumeu-
1088 951 1096 960 .
1115 951 1123 960 .
1142 951 1150 960 .
1168 932 1335 972 prpterea
1352 929 1458 972 ηιμ,
1477 938 1515 962 m
1533 953 1541 962 .
1561 953 1569 962 .
1588 953 1596 962 .
1613 938 1636 962 o
1652 929 1834 973 superscr.
1850 936 1946 962 corr.
1962 936 2011 960 m.
2014 927 2058 971 μ

414 991 494 1026 Fol.
512 990 593 1026 228.
629 998 683 1036 52.
709 990 849 1036 prsetae
867 1017 875 1026 .
894 1017 903 1026 .
921 1018 930 1026 .
947 1003 998 1027 nn
1015 994 1113 1038 ηιμ
1130 1003 1154 1027 0
1171 1018 1180 1027 .
1199 1019 1207 1027 .
1227 1019 1235 1027 .
1253 1004 1275 1028 o
1292 995 1473 1038 superscr.
1491 1005 1586 1029 corr.
1603 995 1701 1039 ηιμ

415 1061 494 1096 Fol.
512 1060 581 1096 228
594 1061 630 1096 b.
667 1069 721 1106 59.
746 1072 790 1106 pr
807 1063 912 1106 ηιμ,
930 1072 951 1096 e
967 1063 1149 1106 superscr.
1167 1073 1260 1097 corr.
1279 1064 1375 1108 ηιμ
1427 1062 1503 1099 ibat
1520 1063 1573 1099 sic
1590 1074 1638 1098 ex
1653 1062 1746 1099 ibsic
1763 1063 1926 1098 correxit
1941 1063 2035 1107 ηιμ

508 1115 542 1151 9.
561 1125 594 1160 3.
620 1127 732 1161 opera
756 1117 798 1150 in
814 1127 890 1150 ras.
908 1116 945 1151 in
969 1115 1013 1151 isl
1037 1118 1220 1162 scnptum
1244 1122 1308 1162 est,
1333 1118 1402 1153 sed
1420 1131 1444 1153 a
1469 1121 1565 1164 ηιμ
1613 1119 1661 1153 In
1686 1120 1765 1153 ima
1783 1118 1934 1164 pagina
1957 1116 2109 1162 scripsit
2131 1125 2180 1150 m.
2195 1124 2216 1149 2

507 1177 592 1217 post
608 1171 834 1207 mediantem
851 1178 1066 1217 pentecuste
1084 1172 1252 1218 sequenti
1270 1173 1473 1209 domeneca
1489 1173 1596 1209 lectio
1621 1173 1801 1220 euangelii
1826 1172 2028 1210 secondum
2052 1171 2216 1207 iuhanne

509 1226 557 1262 de
574 1238 672 1263 ceco,

417 1293 496 1328 Fol.
513 1292 594 1328 229.
631 1303 685 1328 12.
710 1293 768 1329 ille
784 1305 833 1328 ex
847 1292 895 1328 illi
913 1294 1078 1328 correxit
1092 1296 1186 1339 ηιμ

416 1360 494 1395 Fol.
512 1359 582 1395 229
594 1360 631 1396 b.
669 1360 721 1395 16.
745 1371 764 1395 r
779 1361 822 1395 in
837 1359 982 1395 fariseis
998 1361 1040 1395 in
1057 1372 1132 1395 ras.
1147 1372 1165 1396 s
1181 1362 1322 1407 scripta
1338 1365 1402 1406 est,
1419 1362 1487 1397 sed
1496 1374 1521 1397 a
1537 1365 1635 1408 ηιμ

416 1427 494 1462 Fol.
513 1426 592 1462 230.
626 1436 683 1461 22.
708 1426 864 1462 dxerunt
882 1452 891 1461 .
909 1452 917 1460 .
937 1452 946 1461 .
963 1425 1120 1462 timebnt
1138 1429 1245 1472 ηιμ,
1264 1427 1274 1462 i
1293 1454 1302 1463 .
1322 1454 1330 1462 .
1349 1454 1357 1463 .
1375 1440 1398 1464 a
1413 1431 1595 1475 superscr.
1612 1440 1708 1465 corr.
1725 1431 1823 1475 ηιμ

511 1491 567 1525 24.
592 1481 641 1517 da
656 1483 699 1516 in
715 1492 854 1516 rasura
870 1482 1051 1527 scmffitum
1068 1486 1131 1526 est,
1149 1483 1217 1517 sed
1228 1494 1252 1516 a
1269 1494 1316 1518 m.
1322 1485 1365 1529 μ

416 1549 447 1584 F
449 1549 495 1584 ol.
513 1548 582 1584 230
594 1548 630 1584 b.
665 1557 720 1592 27.
739 1557 795 1593 29.
819 1548 963 1584 audstis
981 1574 990 1583 .
1009 1574 1017 1584 .
1036 1574 1044 1583 .
1062 1549 1251 1585 noscimus
1268 1552 1375 1596 ηιμ,
1394 1550 1404 1585 i
1424 1577 1432 1585 .
1451 1577 1459 1586 .
1479 1577 1486 1586 .
1506 1563 1524 1587 s
1540 1553 1722 1597 superscr.
1739 1561 1834 1586 corr.
1851 1551 1949 1596 ηιμ

511 1614 567 1649 30.
592 1603 810 1640 nesnescitis
827 1606 924 1649 ηιμ
942 1604 1094 1639 incuria
1105 1617 1119 1640 .·
1143 1606 1262 1640 erasit
1267 1607 1443 1651 primum
1459 1618 1527 1643 nes
1543 1610 1736 1643 corrector.

511 1668 568 1704 34.
592 1671 678 1695 eum
692 1660 735 1694 in
751 1670 828 1693 ras.
845 1670 914 1694 nos
929 1660 1112 1705 scriptum
1128 1664 1191 1705 est,
1209 1661 1277 1695 sed
1287 1673 1312 1695 a
1328 1663 1424 1707 ηιμ

418 1726 496 1762 Fol.
514 1725 595 1761 231.
629 1726 685 1770 38.
710 1726 813 1761 Ante
828 1725 997 1761 adorauit
1018 1727 1171 1771 scripsit
1192 1738 1241 1762 m.
1260 1737 1280 1762 2
1306 1728 1516 1774 procedent,
1533 1732 1571 1764 et
1583 1730 1676 1774 post
1697 1739 1782 1764 eum
1806 1726 1931 1763 eadem
1956 1735 2093 1761 manus
2116 1724 2215 1760 finet.

512 1790 568 1826 39.
594 1781 616 1818 †
633 1785 720 1816 ante
737 1782 786 1816 Et
803 1791 921 1815 manu
938 1790 972 1824 2,
989 1781 1145 1816 initium
1163 1781 1341 1827 lectionis,
1359 1787 1405 1818 ut
1419 1783 1546 1829 udtur,
1564 1787 1682 1820 notat.

418 1844 499 1880 Fol.
516 1844 583 1879 231
603 1845 638 1880 b.
659 1852 687 1889 5.
706 1850 939 1889 nagnoscunt
957 1846 1070 1890 ηιμ,
1088 1856 1136 1880 on
1161 1848 1343 1891 superscr.
1368 1857 1464 1882 corr.
1489 1858 1538 1882 m.
1555 1849 1599 1894 μ
1646 1849 1741 1883 Post
1762 1846 1861 1883 hanc
1873 1846 2063 1893 paginam
2086 1843 2220 1879 amisit

515 1899 638 1936 Codex
651 1901 697 1934 ut
711 1899 866 1934 uidetur
881 1910 1014 1934 nouem
1031 1904 1102 1935 aut
1115 1900 1233 1936 decem
1240 1901 1356 1947 folia.

419 1963 500 1999 Fol.
517 1963 600 1999 232.
627 1963 682 1998 12.
697 1972 752 2006 40.
781 1963 977 2008 intellegnt
994 1966 1100 2009 ηιμ,
1119 1975 1142 1999 a
1157 1967 1342 2010 superscr.
1358 1976 1454 2001 corr.
1471 1968 1569 2012 ηιμ

417 2030 499 2067 Fol.
517 2030 598 2066 232.
623 2030 659 2065 b.
676 2038 733 2075 49.
754 2037 809 2075 50.
832 2036 926 2075 patr.
946 2056 955 2064 .
976 2056 983 2064 .
1005 2056 1013 2065 .
1030 2031 1138 2077 loqur
1154 2033 1263 2078 ηιμ,
1282 2043 1303 2068 e
1322 2058 1330 2067 .
1349 2059 1357 2067 .
1376 2058 1383 2066 .
1403 2043 1426 2067 0
1443 2035 1624 2079 superscr.
1642 2044 1736 2069 corr.
1755 2044 1802 2068 m.
1813 2034 1852 2079 μ

418 2097 499 2133 Fol.
517 2097 597 2132 233.
634 2106 687 2141 13.
706 2106 738 2141 3.
757 2104 790 2142 5.
806 2102 887 2142 pter
904 2123 912 2132 .
932 2123 940 2131 .
959 2123 967 2131 .
985 2097 1197 2143 misaquam
1214 2109 1262 2133 m.
1272 2100 1328 2144 μ,
1346 2110 1369 2134 a
1387 2125 1395 2133 .
1414 2125 1423 2134 .
1442 2125 1449 2134 .
1468 2099 1496 2135 it
1512 2102 1693 2145 superscr.
1710 2111 1805 2135 corr.
1823 2101 1924 2145 ηιμ

417 2162 448 2197 F
451 2162 497 2197 ol.
522 2160 593 2196 233
617 2161 653 2196 b.
690 2170 743 2195 12.
769 2171 856 2205 ergo
883 2159 999 2196 uisset
1028 2172 1077 2196 m.
1099 2163 1156 2206 μ,
1182 2162 1219 2197 la
1243 2164 1425 2208 superscr.
1454 2174 1549 2198 corr.
1575 2175 1624 2198 m.
1646 2165 1690 2209 μ
1750 2161 2042 2199 uesuestimenta
2067 2158 2220 2205 sempsit

502 2216 643 2262 primo,
670 2216 831 2259 incuria,
858 2227 907 2250 m.
926 2218 982 2261 μ,
1010 2216 1143 2252 deinde
1162 2218 1339 2262 primum
1368 2229 1435 2254 ues
1455 2218 1689 2264 perlineauit
1712 2222 1749 2254 et
1772 2218 1960 2264 expunxit
1985 2227 2080 2252 corr.
2105 2226 2153 2250 m.
2173 2216 2216 2260 μ

514 2281 568 2316 13.
593 2277 631 2307 et
649 2271 780 2316 primo
807 2270 894 2315 loco,
920 2282 969 2305 ex
994 2283 1034 2307 er
1061 2273 1225 2308 correxit
1244 2284 1294 2308 m.
1311 2275 1355 2319 μ
1408 2281 1462 2317 17.
1486 2280 1501 2310 t
1523 2275 1566 2309 in
1590 2273 1750 2310 feceritis
1772 2274 1814 2309 in
1838 2284 1914 2309 ras.
1940 2273 1966 2308 d
1989 2272 2130 2317 scripm
2152 2272 2215 2306 est.

515 2327 568 2362 18.
594 2337 663 2372 qus
679 2328 793 2372 ηιμ,
811 2337 834 2361 o
850 2328 1031 2372 superscr.
1049 2338 1143 2363 corr.
1161 2330 1262 2373 ηιμ

418 2391 496 2427 Fol.
516 2390 597 2425 234.
630 2399 687 2425 20.
712 2396 883 2435 accepert
900 2392 1013 2435 ηιμ,
1032 2390 1042 2425 i
1058 2393 1241 2436 superscr.
1257 2402 1352 2427 corr.
1370 2402 1419 2427 m.
1428 2394 1482 2438 μ’

419 2458 499 2493 Fol.
515 2456 586 2492 234
601 2457 638 2492 b.
672 2465 728 2500 29.
753 2456 891 2491 habebt
914 2459 1026 2502 ηιμ,
1044 2469 1067 2492 a
1083 2460 1265 2503 superscr.
1283 2469 1378 2494 corr.
1395 2461 1498 2505 ηιμ
1560 2469 1617 2505 31.
1643 2469 1699 2505 32.
1724 2459 1965 2496 honrificatus
1983 2483 1992 2493 .
2010 2482 2020 2492 .
2039 2481 2048 2492 .
2064 2453 2218 2491 hnorifi-

513 2511 612 2547 cabit
629 2513 742 2556 ηιμ,
759 2522 782 2546 o
800 2536 809 2545 .
827 2537 836 2546 .
855 2536 863 2546 .
880 2522 903 2546 o
919 2514 1101 2557 superscr.
1117 2524 1212 2549 corr.
1230 2516 1332 2559 ηιμ

419 2578 499 2613 Fol.
512 2577 594 2613 235.
619 2586 675 2622 34.
686 2588 730 2612 us
743 2588 791 2611 m.
790 2579 844 2622 μ,
852 2588 874 2612 o
885 2580 1065 2623 supenscr.
1072 2590 1166 2614 corr.
1178 2591 1226 2614 m.
1225 2582 1268 2625 μ
1306 2580 1359 2616 14.
1375 2589 1406 2616 2.
1424 2580 1531 2616 uobis
1549 2593 1556 2617 :
1570 2583 1758 2627 punctum
1768 2583 1908 2628 supers
1921 2591 1940 2616 e
1949 2579 2060 2626 lapsu
2070 2578 2217 2624 typogr.

419 2645 498 2681 Fol.
516 2644 586 2680 235
601 2643 638 2679 b.
657 2653 690 2688 3.
715 2642 782 2678 sits
799 2669 808 2678 .
827 2669 836 2678 .
855 2669 864 2679 .
881 2654 930 2689 qu
947 2655 996 2679 m.
1005 2647 1059 2690 μ,
1078 2644 1088 2679 i
1108 2671 1117 2680 .
1136 2671 1144 2680 .
1163 2671 1172 2680 .
1189 2657 1211 2681 o
1227 2648 1408 2692 superscr.
1425 2658 1519 2683 corr.
1540 2650 1642 2694 ηιμ

517 2708 570 2735 10.
594 2704 698 2745 patre
714 2709 763 2733 ex
775 2704 919 2743 patrem
935 2701 1099 2735 correxit
1112 2703 1214 2746 ηιμ

419 2762 499 2799 Fol.
516 2762 598 2798 236.
634 2771 687 2797 12.
704 2766 830 2807 prpter
846 2763 958 2808 ηιμ,
975 2774 998 2798 o
1014 2764 1196 2809 superscr.
1212 2775 1307 2799 corr.
1324 2767 1426 2810 ηιμ

1819 2838 1845 2865 u
1867 2838 1887 2864 2
