2872 3268
546 211 602 254 62
1397 203 1712 252 SECUNDU·
2319 218 2432 261 [XIII.
2449 230 2556 264 3-33.

2088 323 2205 363 Tunc
2224 325 2378 364 intrauit
2396 326 2437 364 in

2086 399 2179 425 eum
2199 394 2354 427 satanas
2370 409 2379 419 ·
2409 389 2449 428 di

1584 323 1673 362 dico
1692 324 1804 364 uobis
1822 324 1926 375 prius

1584 397 1703 436 quam
1722 386 1811 425 fiat·
1852 393 1894 425 ut
1913 399 2004 426 cum

347 333 427 365 1¹01.
444 333 528 366 283.
544 323 596 364 illi
614 332 718 376 pflter
738 326 778 364 in
797 338 938 364 manu·
962 325 1014 363 Et
1047 324 1192 363 diturus
1211 328 1293 362 erat
1311 335 1402 362 eum
1416 344 1425 354 ·

2574 331 2657 364 1⁸01.
2671 331 2755 364 284.

544 388 636 438 quia
649 400 672 427 a
687 388 739 427 d6
755 389 890 428 exiuit·
912 395 950 428 et
964 387 1014 426 ad
1046 392 1251 437 propterea
1270 386 1367 425 dixit
2692 398 2699 402 >

543 450 612 489 dm
631 450 760 490 uadit·
777 472 785 481 ·
806 452 821 473 ⁴
836 451 974 489 Surrex

545 513 574 551 it
594 512 644 552 de
664 525 764 552 cena
782 520 820 552 et
839 513 969 564 posuit

542 575 775 614 uestimenta
795 587 864 614 sua
878 596 886 605 ·
930 574 982 612 Et

542 637 682 676 tollens
702 638 864 676 linteum
883 649 951 687 pre

543 700 663 738 cinxit
683 711 725 738 se
739 720 748 730 ·
789 699 804 720 ⁶
816 698 970 738 Deinde

542 759 644 800 misit
659 773 801 812 aquam
816 762 855 799 in
870 761 981 812 pelue
999 781 1008 792 ·

542 830 580 862 et
600 824 727 874 coepit
745 823 874 862 lauare
893 836 943 874 pe

542 886 612 924 des
631 885 908 936 discipulorum

541 959 700 987 suorum
755 955 793 986 et
814 954 921 998 terge

539 1022 581 1048 re
600 1010 742 1049 eodem
761 1010 880 1050 linteo

539 1084 620 1123 quo
639 1079 721 1112 erat
739 1073 899 1123 precinc

538 1141 601 1174 tus
615 1156 623 1165 ·
642 1156 650 1165 ·
682 1136 695 1156 ⁶
707 1134 827 1174 Uenit
845 1148 940 1186 ergo

539 1197 590 1236 ad
610 1198 805 1237 simonem
823 1202 935 1249 petru

539 1267 578 1299 et
597 1260 688 1299 dicit
707 1260 744 1299 ei
763 1267 897 1312 petrus

538 1321 629 1361 Dfie
646 1343 655 1352 ·
684 1329 726 1362 tu
744 1323 840 1362 mihi
859 1323 957 1363 lauis

539 1385 661 1436 pedes
678 1407 685 1416 ·
702 1407 710 1416 ·
742 1386 933 1437 '‘Respon

539 1448 596 1487 dit
614 1448 674 1487 ihs
697 1455 735 1487 et
755 1449 852 1488 dixit
868 1449 922 1488 illi

537 1510 646 1562 quod
665 1523 741 1562 ego
761 1510 863 1551 facio

537 1605 579 1637 tu
598 1599 727 1638 nescis
747 1611 854 1639 nunc
870 1621 879 1631 ·

536 1667 674 1711 postea
693 1662 795 1701 scies
808 1683 817 1693 ·
833 1684 842 1693 ·
872 1662 886 1684 ⁸
898 1662 991 1702 dicit

538 1723 591 1762 illi
610 1731 742 1775 petrus
761 1737 843 1764 non
862 1725 900 1765 la

537 1787 649 1826 uabis
668 1787 764 1825 mihi
782 1788 906 1838 pedes
941 1788 943 1791 ’

538 1849 579 1887 in
598 1856 799 1889 aeternum
815 1871 824 1882 ·
868 1851 951 1891 Res

538 1913 698 1962 spondit
717 1913 771 1951 illi
791 1913 851 1952 ihs
867 1935 876 1944 ·
920 1915 995 1953 nisi

538 1975 670 2014 lauero
690 1981 728 2014 te
748 1988 832 2015 non
852 1976 953 2016 habe

537 2037 598 2076 bis
617 2044 770 2088 partem
789 2051 945 2078 mecum
958 2060 967 2069 ·

539 2162 616 2201 dfie
629 2183 638 2193 ·
687 2175 768 2202 non
787 2170 937 2202 tantum
956 2176 1008 2214 pe

538 2225 610 2264 des
628 2237 740 2264 meos
756 2246 766 2256 ·
802 2226 881 2265 Sed
900 2227 1010 2266 etia-

538 2300 680 2327 manus
699 2294 738 2327 et
758 2288 885 2339 capud
899 2310 955 2317 —

538 2348 687 2389 ¹⁰Dicit
705 2351 758 2390 illi
777 2351 837 2390 ihs
884 2351 950 2402 qui
969 2351 1009 2390 lo

537 2419 599 2451 tus
620 2419 680 2452 est
699 2425 780 2453 non
799 2413 916 2452 habet

537 2476 808 2514 necessitatem
825 2475 900 2514 nisi

537 2537 660 2588 pedes
678 2538 837 2577 lauandi
850 2559 860 2570 ·
903 2538 974 2578 sed

538 2606 597 2638 est
614 2601 784 2640 mundus
804 2607 911 2640 totus
926 2622 934 2632 ·

539 2668 578 2699 et
595 2674 667 2701 uos
686 2663 822 2702 mundi
841 2664 933 2704 estis
947 2686 955 2694 ·

540 2723 610 2761 sed
629 2736 709 2763 non
728 2737 867 2765 omnes
882 2747 891 2757 ·

540 2783 568 2804 ¹¹
583 2783 738 2825 Sciebat
752 2788 855 2826 enim
871 2789 936 2839 qui
951 2796 1008 2828 tra
1041 2800 1176 2829 uersus
1188 2801 1252 2829 me
1266 2811 1275 2821 ·
1305 2788 1376 2829 1⁹A
1391 2789 1512 2830 modo

1046 447 1153 498 quod
1172 460 1255 487 non
1274 458 1417 488 omnes

1045 510 1181 549 mundi
1201 511 1294 549 estis
1307 531 1316 541 ·
1339 531 1348 542 ·

1045 571 1177 611 1⁹⁵Cum
1191 585 1287 624 ergo
1298 570 1451 613 lauisset
1462 585 1513 625 pe

1045 634 1115 674 des
1135 647 1271 674 eorum
1291 642 1329 675 et
1347 648 1393 676 ac

1044 698 1148 748 cepit
1167 699 1336 737 desuesti

1043 766 1177 799 menta
1195 773 1265 800 sua
1283 767 1323 800 et
1340 773 1381 800 re

1043 823 1233 862 cumbens
1251 823 1350 862 iteri]

1042 885 1138 924 dixit
1156 885 1229 925 illis
1277 886 1421 926 Scitote

1043 948 1138 999 quid
1158 948 1232 988 feci
1251 949 1367 988 uobis
1380 969 1390 980 ·

1043 1010 1071 1032 ¹³
1083 1010 1169 1051 Uos
1183 1012 1336 1051 uocatis
1355 1024 1419 1052 me
1439 1024 1504 1051 ma

1041 1073 1163 1124 gister
1181 1080 1220 1113 et
1239 1074 1314 1114 dfis
1330 1095 1339 1105 ·
1385 1081 1424 1114 et
1441 1076 1491 1114 be

1043 1149 1093 1175 ne
1113 1135 1238 1176 dicitis
1258 1148 1345 1176 sum
1364 1141 1428 1176 eni

1042 1198 1071 1219 ¹⁴
1085 1198 1126 1238 Si
1145 1211 1241 1250 ergo
1259 1212 1336 1251 ego
1354 1200 1430 1240 laui
1449 1213 1499 1252 pe

1043 1261 1114 1301 des
1132 1268 1285 1302 uestros
1305 1262 1380 1302 dfis

1043 1330 1082 1363 et
1100 1325 1285 1376 magister
1300 1346 1309 1356 ·
1351 1332 1390 1365 et
1408 1337 1481 1366 uos

1044 1386 1193 1426 debetis
1211 1388 1379 1427 inuicem

1043 1449 1174 1489 lauare
1192 1450 1313 1501 pedes
1381 1450 1410 1472 ¹⁵
1418 1463 1467 1490 ex

1043 1513 1236 1564 semplum
1256 1513 1361 1553 enim
1382 1514 1431 1553 de

1044 1600 1083 1639 di
1103 1601 1216 1640 uobis
1264 1607 1306 1639 ut
1326 1613 1445 1652 quem

1043 1662 1258 1702 admodum
1276 1675 1353 1714 ego
1372 1663 1446 1703 feci

1042 1724 1156 1764 uobis
1177 1731 1215 1765 et
1232 1737 1304 1765 uos
1324 1725 1424 1765 facia

1042 1787 1112 1827 tis·
1131 1808 1139 1818 ·
1155 1809 1164 1818 ·
1194 1786 1224 1809 ¹⁶
1234 1787 1365 1827 Amen
1384 1800 1499 1828 amen

1042 1850 1133 1889 dico
1152 1851 1268 1890 uobis
1281 1871 1291 1882 ·
1332 1863 1415 1891 non
1434 1858 1494 1892 est

1042 1925 1177 1952 seruus
1197 1915 1322 1954 maior
1340 1914 1421 1953 dfio

1042 1987 1114 2014 suo
1132 1996 1141 2006 ·
1182 1988 1256 2016 nec
1276 1982 1416 2027 aposto

1041 2038 1102 2077 lus
1121 2039 1245 2078 maior
1263 2039 1330 2079 illo
1349 2039 1417 2090 qui

1042 2102 1194 2141 eumisit
1207 2122 1216 2132 ·
1263 2102 1291 2123 ¹⁷
1304 2102 1344 2141 Si
1363 2101 1435 2141 hec
1455 2103 1511 2141 sci

1042 2165 1091 2203 tis
1106 2185 1114 2194 ·
1136 2165 1237 2203 beati
1256 2165 1349 2204 estis
1369 2165 1401 2203 si
1420 2165 1456 2204 fe

1043 2227 1169 2266 ceritis
1189 2239 1237 2266 ea
1256 2248 1266 2258 ·
1306 2227 1335 2248 ¹⁸
1348 2239 1431 2267 non
1451 2227 1500 2267 de

1042 2289 1225 2328 omnibus
1243 2290 1359 2328 uobis
1379 2290 1491 2328 dico·

1043 2363 1119 2401 ego
1138 2352 1243 2389 enim
1262 2352 1344 2390 scio
1364 2359 1458 2402 qu0s

1043 2414 1248 2463 elegerim·
1289 2413 1359 2453 sed
1377 2420 1421 2453 ut

1043 2476 1230 2526 scriptura
1247 2475 1366 2527 imple

1041 2544 1143 2577 retur
1159 2559 1169 2569 ·
1212 2539 1280 2590 qui
1298 2551 1392 2578 man

1042 2600 1160 2640 ducat
1178 2613 1334 2641 mecum
1352 2605 1455 2652 pane

1041 2675 1175 2702 meum
1193 2663 1337 2703 leuabit
1356 2664 1415 2703 cal

1041 2738 1208 2765 caneum
1228 2738 1342 2765 suum
1361 2726 1412 2766 ad

1581 447 1727 486 factum
1747 448 1860 488 fuerit
1878 461 1943 488 cre

1583 509 1682 549 datis
1701 511 1792 561 quia
1811 523 1888 562 ego
1909 523 1996 551 sum
2012 532 2020 542 ·

1582 570 1743 612 2⁰Amen
1758 585 1874 613 amen
1889 574 1978 614 dico
1998 587 2051 614 uo

1582 635 1666 674 bis·
1709 636 1777 686 qui
1796 634 1990 687 acceperit

1581 709 1704 736 unum
1725 710 1842 750 quem
1861 699 1957 739 mise

1582 772 1627 799 ro
1646 772 1710 800 me
1730 761 1878 813 accepit
1891 783 1900 792 ·

1583 822 1662 870 Qui
1681 830 1812 863 autem
1830 837 1894 863 me
1914 837 2006 865 acce

1583 886 1661 936 pit·
1701 888 1852 938 accepit
1870 899 1961 926 eum

1583 949 1650 1000 qui
1665 961 1728 988 me
1742 950 1847 989 misit
1860 971 1869 981 ·
1893 948 2038 990 ⁵31Haec

1582 1017 1625 1049 ut
1645 1011 1742 1050 dixit
1761 1012 1821 1051 ihs
1875 1014 1987 1051 turba

1582 1080 1645 1113 tus
1665 1081 1723 1113 est
1742 1078 1816 1124 spu
1832 1096 1841 1105 ·
1882 1082 1921 1114 et
1939 1082 1997 1114 tes

1582 1136 1749 1184 tificatus
1769 1144 1828 1176 est
1882 1144 1921 1177 et

1582 1199 1700 1238 dixit·
1731 1199 1861 1239 Amen
1880 1213 1996 1239 amen

1583 1261 1672 1301 dico
1690 1263 1804 1302 uobis
1859 1263 1950 1314 quia

1581 1336 1683 1363 unus
1703 1337 1751 1363 ex
1770 1326 1885 1364 uobis
1904 1331 1964 1364 tra

1581 1386 1648 1426 det
1667 1399 1757 1426 me·
1800 1386 1830 1408 ²²
1843 1388 2005 1438 inspicie

1581 1450 1677 1488 bant
1696 1461 1790 1500 ergo
1808 1450 1949 1490 inuicie

1581 1523 1623 1551 se
1644 1512 1820 1563 discipuli
1875 1513 1981 1552 incer

1580 1599 1609 1638 ti
1629 1598 1677 1638 de
1697 1611 1777 1650 quo
1797 1600 1943 1640 diceret

1580 1660 1609 1683 ²³
1620 1661 1713 1701 Erat
1732 1667 1863 1701 autem
1882 1675 2014 1702 recum

1580 1725 1679 1764 bens
1698 1737 1802 1764 unus
1822 1725 1871 1764 de
1891 1726 1950 1764 dis

1580 1787 1720 1838 cipulis
1740 1789 1824 1832 eius
1842 1788 1882 1826 in
1904 1789 1991 1826 sinu

1579 1850 1647 1888 ihu
1705 1862 1823 1901 quem
1842 1850 1959 1901 dilige

1581 1914 1647 1951 bat
1665 1912 1725 1952 ihs
1742 1934 1751 1943 ·
1795 1911 1824 1933 ²⁴
1835 1913 1966 1951 Innuit

1581 1987 1675 2026 ergo
1695 1975 1748 2014 illi
1767 1975 1897 2014 simon
1917 1988 1966 2027 pe

1581 2045 1660 2077 trus
1679 2044 1718 2077 et
1737 2039 1834 2077 dixit
1849 2059 1858 2069 ·
1903 2039 2002 2077 inter

1580 2113 1676 2151 roga
1694 2101 1782 2152 quis
1801 2107 1860 2140 est
1879 2101 1928 2140 de
1947 2113 2028 2152 quo

1581 2163 1675 2203 dicit
1688 2185 1697 2194 ·
1713 2185 1722 2194 ·
1736 2185 1745 2194 ·
1768 2162 2051 2203 ²⁶Recumbens

1581 2232 1712 2264 autem
1731 2226 1794 2265 ille
1814 2238 1930 2277 super

1580 2294 1717 2339 pectus
1737 2288 1803 2326 ihu
1816 2309 1824 2319 ·
1882 2289 1976 2327 dicit
1995 2288 2021 2326 il

1581 2351 1606 2389 li
1625 2350 1703 2389 dfie
1722 2351 1808 2402 quis
1827 2357 1887 2390 est
1903 2372 1911 2381 ·

1580 2411 1609 2435 ²⁶
1622 2412 1843 2464 Respondit
1862 2414 1921 2452 ihs
1938 2434 1946 2444 ·
1987 2413 2050 2452 ille

1581 2482 1640 2515 est
1660 2476 1722 2515 cui
1742 2488 1818 2527 ego
1837 2477 1959 2514 intinc

1580 2545 1665 2577 tum
1682 2551 1827 2589 panem
1845 2550 1986 2590 porrex

1581 2613 1671 2640 ero·
1711 2601 1764 2640 Et
1782 2602 2005 2652 intinguens

1581 2676 1726 2715 panem
1746 2664 1853 2703 dedit
1872 2664 1987 2703 iudae

1582 2727 1743 2766 simonis
1763 2726 1954 2766 scariothe
1967 2747 1976 2757 ·

1580 2788 1611 2812 ²⁷
1621 2796 1660 2830 et
1679 2796 1721 2829 ut
1739 2790 1889 2842 accepit
1907 2802 2051 2842 panem

2086 449 2138 488 cit
2156 462 2251 500 ergo
2270 450 2323 488 illi
2341 451 2403 490 ihs

2086 512 2195 562 quod
2214 512 2310 552 facis
2330 513 2392 552 fac
2413 514 2448 554 ci

2086 575 2162 613 tius
2178 595 2187 604 ·
2228 572 2256 596 ²⁸
2268 574 2345 614 hoc
2366 582 2498 615 autem

2086 649 2203 676 nemo
2222 637 2407 677 intellexit

2086 711 2136 737 ex
2156 698 2416 739 discumbenti

2086 762 2161 800 bus
2179 772 2302 812 quare
2322 762 2418 801 dixit

2085 823 2164 862 hoc
2181 844 2190 854 ·
2230 822 2259 845 ²⁹
2271 824 2431 875 quidem
2450 830 2514 864 eni

2086 887 2274 936 putabant
2292 887 2384 938 quia

2086 949 2256 988 loculum
2275 949 2442 989 habebat

2085 1011 2195 1050 iudas
2212 1033 2220 1042 ·
2251 1013 2358 1062 quod
2379 1013 2447 1051 dix

2086 1074 2178 1113 isset
2197 1074 2249 1113 illi
2268 1075 2328 1114 ihs
2341 1096 2350 1106 ·
2394 1088 2481 1115 eme

2086 1148 2133 1175 ea
2152 1149 2251 1187 quae
2271 1138 2465 1177 necessari

2085 1211 2108 1237 a
2127 1206 2219 1238 sunt
2238 1212 2261 1238 a
2280 1200 2385 1239 diem
2403 1200 2462 1240 fes

2085 1268 2168 1299 tum
2187 1268 2230 1299 ut
2248 1263 2410 1313 pauperi

2084 1324 2158 1363 bus
2179 1323 2323 1375 aliquid
2342 1324 2472 1365 daret·

2084 1386 2114 1408 ³⁰
2126 1386 2304 1437 Accepto
2324 1400 2421 1439 ergo
2440 1391 2546 1440 pane

2085 1448 2147 1487 ille
2166 1461 2262 1488 mox
2281 1450 2400 1489 exiuit
2412 1471 2421 1481 ·
2437 1472 2445 1481 ·

2085 1518 2166 1550 erat
2185 1518 2316 1551 autem
2330 1525 2411 1552 nox

2085 1598 2114 1620 ³¹
2127 1599 2289 1650 quando
2309 1600 2429 1640 exiuit
2442 1622 2452 1632 ·

2085 1660 2191 1700 Dicit
2210 1662 2270 1701 ihs
2316 1675 2422 1703 nunc
2441 1663 2545 1704 hono

2085 1724 2257 1763 rificatus
2277 1731 2336 1764 est
2354 1725 2408 1764 fili

2085 1798 2132 1825 us
2151 1786 2322 1827 hominis
2338 1809 2346 1819 ·
2386 1788 2438 1827 Et
2457 1789 2503 1828 d‘s'

2085 1849 2364 1889 honorificatus
2383 1858 2444 1890 est

2084 1911 2126 1950 in
2145 1911 2211 1951 illo
2225 1933 2234 1943 ·
2278 1911 2308 1934 ³²
2318 1912 2370 1951 Et
2390 1914 2422 1952 si
2442 1914 2488 1953 ds·
2502 1914 2556 1954 ho

2085 1974 2311 2014 norificatus
2330 1982 2388 2015 est
2406 1977 2448 2015 in

2084 2048 2133 2076 eo
2189 2037 2241 2076 Et
2261 2037 2307 2077 ds
2325 2038 2460 2078 honori

2085 2099 2216 2139 ficabit
2234 2100 2342 2139 illum
2359 2102 2401 2140 in
2420 2114 2462 2141 se

2085 2163 2295 2213 metipsum
2349 2164 2401 2203 Et
2420 2171 2480 2204 sta

2085 2225 2155 2263 tim
2174 2225 2447 2266 honorificabit

2085 2288 2216 2326 illum·
2234 2309 2241 2318 ·
2257 2309 2266 2318 ·
2296 2288 2325 2310 ⁸⁸
2337 2289 2464 2328 Filioli

2085 2349 2213 2389 adhuc
2232 2351 2417 2402 pusillum

2085 2412 2292 2452 uobiscum
2312 2425 2399 2453 sum
2414 2436 2470 2442 —

2085 2476 2268 2526 quaeritis
2287 2488 2351 2515 me
2368 2498 2378 2508 ·
2418 2484 2457 2517 et
2476 2479 2509 2517 si

2086 2544 2152 2577 cut
2170 2538 2250 2577 dixi
2270 2539 2394 2578 iudeis

2086 2604 2182 2651 qfim
2200 2602 2267 2640 ubi
2286 2602 2391 2641 uado
2410 2615 2488 2654 ego

2085 2675 2159 2702 uos
2177 2664 2230 2702 ibi
2250 2676 2332 2703 non
2351 2671 2465 2716 potes

2085 2726 2133 2764 tis
2151 2727 2283 2765 uenire
2301 2749 2309 2758 ·
2326 2748 2334 2758 ·
2350 2749 2358 2758 ·
2374 2734 2412 2767 et
2429 2740 2483 2768 uo

2086 2789 2146 2828 bis
2165 2789 2254 2829 dico
2274 2802 2380 2829 nunc

2862 569 2872 597 m
2861 549 2869 556 ·
2856 505 2872 543 :fle
2823 0 2872 497 Qunam-„fid
