<?xml version="1.0" encoding="UTF-8"?>
<!DOCTYPE html PUBLIC "-//W3C//DTD XHTML 1.0 Transitional//EN"
    "http://www.w3.org/TR/xhtml1/DTD/xhtml1-transitional.dtd">
<html xmlns="http://www.w3.org/1999/xhtml" xml:lang="en" lang="en">
 <head>
  <title>
</title>
<meta http-equiv="Content-Type" content="text/html;charset=utf-8" />
  <meta name='ocr-system' content='tesseract 3.04.00' />
  <meta name='ocr-capabilities' content='ocr_page ocr_carea ocr_par ocr_line ocrx_word'/>
</head>
<body>
  <div class='ocr_page' id='page_1' title='image "./fourgospelsfromm00whit_0128.png"; bbox 0 0 2872 3268; ppageno 0'>
   <div class='ocr_carea' id='block_1_1' title="bbox 335 430 522 463">
    <p class='ocr_par' dir='ltr' id='par_1_1' title="bbox 335 430 522 463">
     <span class='ocr_line' id='line_1_1' title="bbox 335 430 522 463; baseline 0 -1"><span class='ocrx_word' id='word_1_1' title='bbox 335 431 419 463; x_wconf 69' lang='lat'><strong>1¹01.</strong></span> <span class='ocrx_word' id='word_1_2' title='bbox 435 430 522 462; x_wconf 79' lang='lat'>248.</span> 
     </span>
    </p>
   </div>
   <div class='ocr_carea' id='block_1_2' title="bbox 564 224 620 271">
    <p class='ocr_par' dir='ltr' id='par_1_2' title="bbox 564 224 620 271">
     <span class='ocr_line' id='line_1_2' title="bbox 564 224 620 271; baseline 0 -12"><span class='ocrx_word' id='word_1_3' title='bbox 564 224 620 271; x_wconf 87' lang='lat'>70</span> 
     </span>
    </p>
   </div>
   <div class='ocr_carea' id='block_1_3' title="bbox 559 414 986 1655">
    <p class='ocr_par' dir='ltr' id='par_1_3' title="bbox 559 414 952 1141">
     <span class='ocr_line' id='line_1_3' title="bbox 562 414 923 464; baseline -0.008 -10"><span class='ocrx_word' id='word_1_4' title='bbox 562 414 712 454; x_wconf 86' lang='lat' dir='ltr'>sabbati</span> <span class='ocrx_word' id='word_1_5' title='bbox 726 435 735 444; x_wconf 92' lang='lat'><strong>·</strong></span> <span class='ocrx_word' id='word_1_6' title='bbox 778 425 923 464; x_wconf 87' lang='lat' dir='ltr'>rogaue</span> 
     </span>
     <span class='ocr_line' id='line_1_4' title="bbox 562 478 892 528; baseline -0.009 -11"><span class='ocrx_word' id='word_1_7' title='bbox 562 485 652 517; x_wconf 86' lang='lat' dir='ltr'>runt</span> <span class='ocrx_word' id='word_1_8' title='bbox 670 478 831 528; x_wconf 89' lang='lat' dir='ltr'>pilatum</span> <span class='ocrx_word' id='word_1_9' title='bbox 850 483 892 514; x_wconf 94' lang='lat' dir='ltr'>ut</span> 
     </span>
     <span class='ocr_line' id='line_1_5' title="bbox 562 540 843 579; baseline -0.007 0"><span class='ocrx_word' id='word_1_10' title='bbox 562 553 672 579; x_wconf 90' lang='lat' dir='ltr'>crura</span> <span class='ocrx_word' id='word_1_11' title='bbox 690 540 843 578; x_wconf 90' lang='lat' dir='ltr'>illorum</span> 
     </span>
     <span class='ocr_line' id='line_1_6' title="bbox 560 603 882 653; baseline -0.009 -12"><span class='ocrx_word' id='word_1_12' title='bbox 560 603 825 653; x_wconf 86' lang='lat' dir='ltr'>frangerentur</span> <span class='ocrx_word' id='word_1_13' title='bbox 844 608 882 639; x_wconf 91' lang='lat' dir='ltr'>et</span> 
     </span>
     <span class='ocr_line' id='line_1_7' title="bbox 561 661 952 704; baseline -0.008 -1"><span class='ocrx_word' id='word_1_14' title='bbox 561 665 785 704; x_wconf 89' lang='lat' dir='ltr'>tollerentur</span> <span class='ocrx_word' id='word_1_15' title='bbox 801 685 809 694; x_wconf 92' lang='lat'>·</span> <span class='ocrx_word' id='word_1_16' title='bbox 850 661 879 684; x_wconf 76' lang='lat'>⁸²</span> <span class='ocrx_word' id='word_1_17' title='bbox 891 661 952 700; x_wconf 89' lang='lat' dir='ltr'>Ue</span> 
     </span>
     <span class='ocr_line' id='line_1_8' title="bbox 561 725 900 776; baseline -0.009 -11"><span class='ocrx_word' id='word_1_18' title='bbox 561 734 701 766; x_wconf 91' lang='lat' dir='ltr'>nerunt</span> <span class='ocrx_word' id='word_1_19' title='bbox 720 738 814 776; x_wconf 88' lang='lat' dir='ltr'>ergo</span> <span class='ocrx_word' id='word_1_20' title='bbox 833 725 900 764; x_wconf 90' lang='lat' dir='ltr'>mli</span> 
     </span>
     <span class='ocr_line' id='line_1_9' title="bbox 561 788 920 839; baseline -0.008 -11"><span class='ocrx_word' id='word_1_21' title='bbox 561 797 620 828; x_wconf 91' lang='lat' dir='ltr'>tes</span> <span class='ocrx_word' id='word_1_22' title='bbox 660 796 698 828; x_wconf 89' lang='lat' dir='ltr'>et</span> <span class='ocrx_word' id='word_1_23' title='bbox 717 789 834 839; x_wconf 88' lang='lat' dir='ltr'>priori</span> <span class='ocrx_word' id='word_1_24' title='bbox 853 788 920 839; x_wconf 90' lang='lat' dir='ltr'>qui</span> 
     </span>
     <span class='ocr_line' id='line_1_10' title="bbox 561 852 867 902; baseline -0.007 -12"><span class='ocrx_word' id='word_1_25' title='bbox 561 852 650 890; x_wconf 90' lang='lat' dir='ltr'>dem</span> <span class='ocrx_word' id='word_1_26' title='bbox 673 852 867 902; x_wconf 83' lang='lat' dir='ltr'>fregerunt</span> 
     </span>
     <span class='ocr_line' id='line_1_11' title="bbox 561 914 852 953; baseline -0.007 0"><span class='ocrx_word' id='word_1_27' title='bbox 561 927 671 953; x_wconf 92' lang='lat' dir='ltr'>crura</span> <span class='ocrx_word' id='word_1_28' title='bbox 690 920 727 952; x_wconf 92' lang='lat' dir='ltr'>et</span> <span class='ocrx_word' id='word_1_29' title='bbox 746 914 852 952; x_wconf 89' lang='lat' dir='ltr'>alteri</span> 
     </span>
     <span class='ocr_line' id='line_1_12' title="bbox 560 977 894 1027; baseline -0.006 -11"><span class='ocrx_word' id='word_1_30' title='bbox 560 977 731 1016; x_wconf 87' lang='lat' dir='ltr'>similiter</span> <span class='ocrx_word' id='word_1_31' title='bbox 778 977 843 1027; x_wconf 89' lang='lat' dir='ltr'>qui</span> <span class='ocrx_word' id='word_1_32' title='bbox 863 977 894 1015; x_wconf 91' lang='lat' dir='ltr'>si</span> 
     </span>
     <span class='ocr_line' id='line_1_13' title="bbox 559 1039 893 1078; baseline -0.003 0"><span class='ocrx_word' id='word_1_33' title='bbox 559 1040 641 1078; x_wconf 92' lang='lat' dir='ltr'>mul</span> <span class='ocrx_word' id='word_1_34' title='bbox 660 1040 832 1078; x_wconf 87' lang='lat' dir='ltr'>crucifixi</span> <span class='ocrx_word' id='word_1_35' title='bbox 851 1039 893 1077; x_wconf 85' lang='lat' dir='ltr'>su</span> 
     </span>
     <span class='ocr_line' id='line_1_14' title="bbox 562 1102 889 1141; baseline -0.006 0"><span class='ocrx_word' id='word_1_36' title='bbox 562 1108 670 1141; x_wconf 90' lang='lat' dir='ltr'>erant</span> <span class='ocrx_word' id='word_1_37' title='bbox 689 1114 779 1141; x_wconf 91' lang='lat' dir='ltr'>cum</span> <span class='ocrx_word' id='word_1_38' title='bbox 798 1102 863 1140; x_wconf 89' lang='lat' dir='ltr'>illo</span> <span class='ocrx_word' id='word_1_39' title='bbox 880 1122 889 1132; x_wconf 88' lang='lat'><strong>·</strong></span> 
     </span>
    </p>

    <p class='ocr_par' dir='ltr' id='par_1_4' title="bbox 559 1164 986 1467">
     <span class='ocr_line' id='line_1_15' title="bbox 559 1164 986 1204; baseline -0.005 0"><span class='ocrx_word' id='word_1_40' title='bbox 559 1165 588 1186; x_wconf 81' lang='lat'>³⁸</span> <span class='ocrx_word' id='word_1_41' title='bbox 601 1165 703 1204; x_wconf 91' lang='lat' dir='ltr'>Cum</span> <span class='ocrx_word' id='word_1_42' title='bbox 723 1171 854 1203; x_wconf 86' lang='lat' dir='ltr'>autem</span> <span class='ocrx_word' id='word_1_43' title='bbox 874 1164 986 1203; x_wconf 92' lang='lat' dir='ltr'>uenis</span> 
     </span>
     <span class='ocr_line' id='line_1_16' title="bbox 561 1227 973 1266; baseline -0.002 0"><span class='ocrx_word' id='word_1_44' title='bbox 561 1234 648 1266; x_wconf 89' lang='lat' dir='ltr'>sent</span> <span class='ocrx_word' id='word_1_45' title='bbox 666 1228 717 1266; x_wconf 89' lang='lat' dir='ltr'>ad</span> <span class='ocrx_word' id='word_1_46' title='bbox 736 1228 817 1266; x_wconf 82' lang='lat' dir='ltr'>ihrn</span> <span class='ocrx_word' id='word_1_47' title='bbox 863 1227 916 1266; x_wconf 91' lang='lat' dir='ltr'>Et</span> <span class='ocrx_word' id='word_1_48' title='bbox 933 1227 973 1265; x_wconf 90' lang='lat' dir='ltr'>ui</span> 
     </span>
     <span class='ocr_line' id='line_1_17' title="bbox 562 1291 926 1342; baseline 0 -13"><span class='ocrx_word' id='word_1_49' title='bbox 562 1291 709 1329; x_wconf 89' lang='lat' dir='ltr'>dissent</span> <span class='ocrx_word' id='word_1_50' title='bbox 729 1291 820 1342; x_wconf 90' lang='lat' dir='ltr'>quia</span> <span class='ocrx_word' id='word_1_51' title='bbox 838 1303 926 1329; x_wconf 91' lang='lat' dir='ltr'>mor</span> 
     </span>
     <span class='ocr_line' id='line_1_18' title="bbox 560 1360 864 1392; baseline -0.003 0"><span class='ocrx_word' id='word_1_52' title='bbox 560 1360 648 1392; x_wconf 91' lang='lat' dir='ltr'>tuus</span> <span class='ocrx_word' id='word_1_53' title='bbox 668 1360 749 1392; x_wconf 89' lang='lat' dir='ltr'>erat</span> <span class='ocrx_word' id='word_1_54' title='bbox 782 1366 864 1392; x_wconf 92' lang='lat' dir='ltr'>non</span> 
     </span>
     <span class='ocr_line' id='line_1_19' title="bbox 560 1416 898 1467; baseline 0.006 -14"><span class='ocrx_word' id='word_1_55' title='bbox 560 1416 757 1467; x_wconf 87' lang='lat' dir='ltr'>fregerunt</span> <span class='ocrx_word' id='word_1_56' title='bbox 775 1417 810 1455; x_wconf 94' lang='lat' dir='ltr'>ei</span> <span class='ocrx_word' id='word_1_57' title='bbox 830 1428 898 1455; x_wconf 90' lang='lat' dir='ltr'>cru</span> 
     </span>
    </p>

    <p class='ocr_par' dir='ltr' id='par_1_5' title="bbox 559 1479 978 1655">
     <span class='ocr_line' id='line_1_20' title="bbox 559 1479 978 1518; baseline 0 -2"><span class='ocrx_word' id='word_1_58' title='bbox 559 1491 603 1517; x_wconf 90' lang='lat' dir='ltr'>ra</span> <span class='ocrx_word' id='word_1_59' title='bbox 615 1500 625 1509; x_wconf 92' lang='lat'><strong>·</strong></span> <span class='ocrx_word' id='word_1_60' title='bbox 669 1479 699 1500; x_wconf 74' lang='lat'>³⁴</span> <span class='ocrx_word' id='word_1_61' title='bbox 712 1479 790 1518; x_wconf 86' lang='lat' dir='ltr'>Sed</span> <span class='ocrx_word' id='word_1_62' title='bbox 808 1491 910 1518; x_wconf 90' lang='lat' dir='ltr'>unus</span> <span class='ocrx_word' id='word_1_63' title='bbox 927 1491 978 1518; x_wconf 88' lang='lat' dir='ltr'>ex</span> 
     </span>
     <span class='ocr_line' id='line_1_21' title="bbox 560 1541 933 1581; baseline 0 -1"><span class='ocrx_word' id='word_1_64' title='bbox 560 1541 700 1581; x_wconf 87' lang='lat' dir='ltr'>milites</span> <span class='ocrx_word' id='word_1_65' title='bbox 718 1542 844 1580; x_wconf 87' lang='lat' dir='ltr'>lancia</span> <span class='ocrx_word' id='word_1_66' title='bbox 862 1554 933 1580; x_wconf 88' lang='lat' dir='ltr'>sua</span> 
     </span>
     <span class='ocr_line' id='line_1_22' title="bbox 559 1604 964 1655; baseline 0.002 -12"><span class='ocrx_word' id='word_1_67' title='bbox 559 1604 660 1644; x_wconf 86' lang='lat' dir='ltr'>latus</span> <span class='ocrx_word' id='word_1_68' title='bbox 680 1605 761 1643; x_wconf 91' lang='lat' dir='ltr'>eius</span> <span class='ocrx_word' id='word_1_69' title='bbox 779 1605 964 1655; x_wconf 75' lang='lat' dir='ltr'>percussit</span> 
     </span>
    </p>
   </div>
   <div class='ocr_carea' id='block_1_4' title="bbox 560 1692 984 1807">
    <p class='ocr_par' dir='ltr' id='par_1_6' title="bbox 560 1692 984 1807">
     <span class='ocr_line' id='line_1_23' title="bbox 561 1692 975 1744; baseline 0 -12"><span class='ocrx_word' id='word_1_70' title='bbox 561 1699 601 1732; x_wconf 92' lang='lat' dir='ltr'>et</span> <span class='ocrx_word' id='word_1_71' title='bbox 619 1692 787 1744; x_wconf 90' lang='lat' dir='ltr'>perfodit</span> <span class='ocrx_word' id='word_1_72' title='bbox 799 1714 808 1724; x_wconf 89' lang='lat'><strong>·</strong></span> <span class='ocrx_word' id='word_1_73' title='bbox 844 1700 881 1732; x_wconf 92' lang='lat' dir='ltr'>et</span> <span class='ocrx_word' id='word_1_74' title='bbox 897 1706 975 1732; x_wconf 89' lang='lat' dir='ltr'>con</span> 
     </span>
     <span class='ocr_line' id='line_1_24' title="bbox 560 1757 984 1807; baseline 0.002 -13"><span class='ocrx_word' id='word_1_75' title='bbox 560 1757 669 1795; x_wconf 93' lang='lat' dir='ltr'>tinuo</span> <span class='ocrx_word' id='word_1_76' title='bbox 688 1757 806 1795; x_wconf 86' lang='lat' dir='ltr'>exiuit</span> <span class='ocrx_word' id='word_1_77' title='bbox 826 1757 984 1807; x_wconf 87' lang='lat' dir='ltr'>sanguis</span> 
     </span>
    </p>
   </div>
   <div class='ocr_carea' id='block_1_5' title="bbox 562 1819 1030 1870">
    <p class='ocr_par' dir='ltr' id='par_1_7' title="bbox 562 1819 1030 1870">
     <span class='ocr_line' id='line_1_25' title="bbox 562 1819 1030 1870; baseline 0.002 -12"><span class='ocrx_word' id='word_1_78' title='bbox 562 1826 600 1858; x_wconf 89' lang='lat' dir='ltr'>et</span> <span class='ocrx_word' id='word_1_79' title='bbox 612 1832 713 1870; x_wconf 86' lang='lat' dir='ltr'>aqua</span> <span class='ocrx_word' id='word_1_80' title='bbox 726 1840 735 1849; x_wconf 92' lang='lat'><strong>·</strong></span> <span class='ocrx_word' id='word_1_81' title='bbox 756 1819 842 1858; x_wconf 75' lang='lat' dir='ltr'>³⁵Et</span> <span class='ocrx_word' id='word_1_82' title='bbox 854 1820 920 1870; x_wconf 91' lang='lat' dir='ltr'>qui</span> <span class='ocrx_word' id='word_1_83' title='bbox 933 1820 1030 1859; x_wconf 88' lang='lat' dir='ltr'>uidit</span> 
     </span>
    </p>
   </div>
   <div class='ocr_carea' id='block_1_6' title="bbox 561 1883 998 2748">
    <p class='ocr_par' dir='ltr' id='par_1_8' title="bbox 561 1883 998 2748">
     <span class='ocr_line' id='line_1_26' title="bbox 562 1883 945 1922; baseline -0.003 0"><span class='ocrx_word' id='word_1_84' title='bbox 562 1890 600 1922; x_wconf 89' lang='lat' dir='ltr'>et</span> <span class='ocrx_word' id='word_1_85' title='bbox 619 1883 843 1922; x_wconf 88' lang='lat' dir='ltr'>testificatus</span> <span class='ocrx_word' id='word_1_86' title='bbox 863 1889 921 1921; x_wconf 92' lang='lat' dir='ltr'>est</span> <span class='ocrx_word' id='word_1_87' title='bbox 937 1900 945 1909; x_wconf 89' lang='lat'><strong>·</strong></span> 
     </span>
     <span class='ocr_line' id='line_1_27' title="bbox 561 1946 940 1985; baseline -0.005 0"><span class='ocrx_word' id='word_1_88' title='bbox 561 1952 600 1985; x_wconf 93' lang='lat' dir='ltr'>et</span> <span class='ocrx_word' id='word_1_89' title='bbox 618 1958 756 1984; x_wconf 92' lang='lat' dir='ltr'>uerum</span> <span class='ocrx_word' id='word_1_90' title='bbox 776 1952 834 1984; x_wconf 90' lang='lat' dir='ltr'>est</span> <span class='ocrx_word' id='word_1_91' title='bbox 852 1946 940 1984; x_wconf 90' lang='lat' dir='ltr'>testi</span> 
     </span>
     <span class='ocr_line' id='line_1_28' title="bbox 561 2007 958 2047; baseline 0 0"><span class='ocrx_word' id='word_1_92' title='bbox 561 2009 737 2047; x_wconf 92' lang='lat' dir='ltr'>monium</span> <span class='ocrx_word' id='word_1_93' title='bbox 757 2009 839 2046; x_wconf 89' lang='lat' dir='ltr'>eius</span> <span class='ocrx_word' id='word_1_94' title='bbox 856 2030 865 2039; x_wconf 90' lang='lat'><strong>·</strong></span> <span class='ocrx_word' id='word_1_95' title='bbox 906 2007 958 2047; x_wconf 90' lang='lat' dir='ltr'>Et</span> 
     </span>
     <span class='ocr_line' id='line_1_29' title="bbox 561 2071 962 2122; baseline 0 -13"><span class='ocrx_word' id='word_1_96' title='bbox 561 2072 645 2122; x_wconf 90' lang='lat' dir='ltr'>ipse</span> <span class='ocrx_word' id='word_1_97' title='bbox 666 2071 739 2110; x_wconf 92' lang='lat' dir='ltr'>scit</span> <span class='ocrx_word' id='word_1_98' title='bbox 758 2072 849 2122; x_wconf 85' lang='lat' dir='ltr'>quia</span> <span class='ocrx_word' id='word_1_99' title='bbox 866 2075 962 2109; x_wconf 75' lang='lat' dir='ltr'>uersl</span> 
     </span>
     <span class='ocr_line' id='line_1_30' title="bbox 563 2134 998 2172; baseline 0 0"><span class='ocrx_word' id='word_1_100' title='bbox 563 2134 656 2172; x_wconf 88' lang='lat' dir='ltr'>dicit</span> <span class='ocrx_word' id='word_1_101' title='bbox 671 2154 680 2164; x_wconf 90' lang='lat'><strong>·</strong></span> <span class='ocrx_word' id='word_1_102' title='bbox 724 2141 766 2172; x_wconf 93' lang='lat' dir='ltr'>ut</span> <span class='ocrx_word' id='word_1_103' title='bbox 785 2139 823 2171; x_wconf 93' lang='lat' dir='ltr'>et</span> <span class='ocrx_word' id='word_1_104' title='bbox 841 2146 914 2172; x_wconf 93' lang='lat' dir='ltr'>uos</span> <span class='ocrx_word' id='word_1_105' title='bbox 933 2146 998 2172; x_wconf 88' lang='lat' dir='ltr'>cre</span> 
     </span>
     <span class='ocr_line' id='line_1_31' title="bbox 565 2196 743 2235; baseline -0.011 0"><span class='ocrx_word' id='word_1_106' title='bbox 565 2196 663 2235; x_wconf 89' lang='lat' dir='ltr'>datis</span> <span class='ocrx_word' id='word_1_107' title='bbox 680 2217 688 2226; x_wconf 93' lang='lat'>·</span> <span class='ocrx_word' id='word_1_108' title='bbox 707 2217 715 2226; x_wconf 90' lang='lat'>·</span> <span class='ocrx_word' id='word_1_109' title='bbox 734 2217 743 2226; x_wconf 90' lang='lat'><strong>·</strong></span> 
     </span>
     <span class='ocr_line' id='line_1_32' title="bbox 562 2259 963 2310; baseline -0.002 -13"><span class='ocrx_word' id='word_1_110' title='bbox 562 2260 667 2298; x_wconf 90' lang='lat' dir='ltr'>enim</span> <span class='ocrx_word' id='word_1_111' title='bbox 686 2259 784 2297; x_wconf 90' lang='lat' dir='ltr'>haec</span> <span class='ocrx_word' id='word_1_112' title='bbox 802 2265 843 2296; x_wconf 92' lang='lat' dir='ltr'>ut</span> <span class='ocrx_word' id='word_1_113' title='bbox 862 2260 963 2310; x_wconf 91' lang='lat' dir='ltr'>scrip</span> 
     </span>
     <span class='ocr_line' id='line_1_33' title="bbox 563 2322 888 2372; baseline -0.003 -11"><span class='ocrx_word' id='word_1_114' title='bbox 563 2331 647 2361; x_wconf 88' lang='lat' dir='ltr'>tura</span> <span class='ocrx_word' id='word_1_115' title='bbox 666 2322 888 2372; x_wconf 91' lang='lat' dir='ltr'>impleretur</span> 
     </span>
     <span class='ocr_line' id='line_1_34' title="bbox 565 2385 978 2436; baseline -0.002 -13"><span class='ocrx_word' id='word_1_116' title='bbox 565 2398 664 2436; x_wconf 90' lang='lat' dir='ltr'>quae</span> <span class='ocrx_word' id='word_1_117' title='bbox 685 2385 777 2423; x_wconf 89' lang='lat' dir='ltr'>dicit</span> <span class='ocrx_word' id='word_1_118' title='bbox 790 2406 799 2415; x_wconf 91' lang='lat'><strong>·</strong></span> <span class='ocrx_word' id='word_1_119' title='bbox 843 2396 978 2423; x_wconf 87' lang='lat' dir='ltr'>ossum</span> 
     </span>
     <span class='ocr_line' id='line_1_35' title="bbox 565 2448 968 2487; baseline -0.005 -1"><span class='ocrx_word' id='word_1_120' title='bbox 565 2449 646 2487; x_wconf 91' lang='lat' dir='ltr'>eius</span> <span class='ocrx_word' id='word_1_121' title='bbox 666 2460 748 2487; x_wconf 93' lang='lat' dir='ltr'>non</span> <span class='ocrx_word' id='word_1_122' title='bbox 768 2448 968 2486; x_wconf 90' lang='lat' dir='ltr'>comminu</span> 
     </span>
     <span class='ocr_line' id='line_1_36' title="bbox 565 2511 955 2549; baseline -0.003 0"><span class='ocrx_word' id='word_1_123' title='bbox 565 2518 650 2549; x_wconf 91' lang='lat' dir='ltr'>etur</span> <span class='ocrx_word' id='word_1_124' title='bbox 666 2532 675 2541; x_wconf 90' lang='lat'><strong>·</strong></span> <span class='ocrx_word' id='word_1_125' title='bbox 717 2511 745 2533; x_wconf 80' lang='lat'>³⁷</span> <span class='ocrx_word' id='word_1_126' title='bbox 760 2517 797 2549; x_wconf 91' lang='lat' dir='ltr'>et</span> <span class='ocrx_word' id='word_1_127' title='bbox 815 2511 955 2549; x_wconf 92' lang='lat' dir='ltr'>iterum</span> 
     </span>
     <span class='ocr_line' id='line_1_37' title="bbox 567 2574 981 2624; baseline 0.002 -13"><span class='ocrx_word' id='word_1_128' title='bbox 567 2574 641 2612; x_wconf 86' lang='lat' dir='ltr'>alia</span> <span class='ocrx_word' id='word_1_129' title='bbox 660 2574 847 2624; x_wconf 87' lang='lat' dir='ltr'>scriptura</span> <span class='ocrx_word' id='word_1_130' title='bbox 868 2574 960 2613; x_wconf 88' lang='lat' dir='ltr'>dicit</span> <span class='ocrx_word' id='word_1_131' title='bbox 972 2594 981 2604; x_wconf 90' lang='lat'><strong>·</strong></span> 
     </span>
     <span class='ocr_line' id='line_1_38' title="bbox 567 2637 941 2688; baseline 0.005 -15"><span class='ocrx_word' id='word_1_132' title='bbox 567 2637 745 2675; x_wconf 90' lang='lat' dir='ltr'>uiderunt</span> <span class='ocrx_word' id='word_1_133' title='bbox 763 2638 803 2674; x_wconf 94' lang='lat' dir='ltr'>in</span> <span class='ocrx_word' id='word_1_134' title='bbox 823 2649 941 2688; x_wconf 88' lang='lat' dir='ltr'>quem</span> 
     </span>
     <span class='ocr_line' id='line_1_39' title="bbox 571 2706 863 2748; baseline 0.01 -13"><span class='ocrx_word' id='word_1_135' title='bbox 571 2706 840 2748; x_wconf 86' lang='lat' dir='ltr'>conpuxerunt</span> <span class='ocrx_word' id='word_1_136' title='bbox 854 2721 863 2730; x_wconf 90' lang='lat'><em>·</em></span> 
     </span>
    </p>
   </div>
   <div class='ocr_carea' id='block_1_7' title="bbox 778 2195 1031 2234">
    <p class='ocr_par' dir='ltr' id='par_1_9' title="bbox 778 2195 1031 2234">
     <span class='ocr_line' id='line_1_40' title="bbox 778 2195 1031 2234; baseline 0.004 -1"><span class='ocrx_word' id='word_1_137' title='bbox 778 2195 806 2216; x_wconf 78' lang='lat'>⁸⁶</span> <span class='ocrx_word' id='word_1_138' title='bbox 820 2195 917 2234; x_wconf 86' lang='lat' dir='ltr'>Fata</span> <span class='ocrx_word' id='word_1_139' title='bbox 942 2202 1031 2234; x_wconf 92' lang='lat' dir='ltr'>sunt</span> 
     </span>
    </p>
   </div>
   <div class='ocr_carea' id='block_1_8' title="bbox 1433 213 1704 255">
    <p class='ocr_par' dir='ltr' id='par_1_10' title="bbox 1433 213 1704 255">
     <span class='ocr_line' id='line_1_41' title="bbox 1433 213 1704 255; baseline 0 -1"><span class='ocrx_word' id='word_1_140' title='bbox 1433 213 1682 255; x_wconf 89' lang='lat' dir='ltr'><em>SECUND</em></span> <span class='ocrx_word' id='word_1_141' title='bbox 1693 234 1704 244; x_wconf 91' lang='lat'><strong>·</strong></span> 
     </span>
    </p>
   </div>
   <div class='ocr_carea' id='block_1_9' title="bbox 1060 309 1486 1659">
    <p class='ocr_par' dir='ltr' id='par_1_11' title="bbox 1060 309 1486 1659">
     <span class='ocr_line' id='line_1_42' title="bbox 1066 309 1486 343; baseline -0.005 0"><span class='ocrx_word' id='word_1_142' title='bbox 1066 310 1167 343; x_wconf 88' lang='lat' dir='ltr'>lectio</span> <span class='ocrx_word' id='word_1_143' title='bbox 1191 309 1223 341; x_wconf 91' lang='lat' dir='ltr'>in</span> <span class='ocrx_word' id='word_1_144' title='bbox 1247 309 1428 342; x_wconf 90' lang='lat' dir='ltr'>domeneca</span> <span class='ocrx_word' id='word_1_145' title='bbox 1452 309 1486 341; x_wconf 88' lang='lat' dir='ltr'>in</span> 
     </span>
     <span class='ocr_line' id='line_1_43' title="bbox 1107 362 1337 404; baseline -0.004 -11"><span class='ocrx_word' id='word_1_146' title='bbox 1107 362 1214 404; x_wconf 86' lang='lat' dir='ltr'>prima</span> <span class='ocrx_word' id='word_1_147' title='bbox 1236 371 1337 403; x_wconf 89' lang='lat' dir='ltr'>pasca</span> 
     </span>
     <span class='ocr_line' id='line_1_44' title="bbox 1062 417 1420 468; baseline -0.006 -11"><span class='ocrx_word' id='word_1_148' title='bbox 1062 420 1112 457; x_wconf 90' lang='lat' dir='ltr'>ab</span> <span class='ocrx_word' id='word_1_149' title='bbox 1132 417 1334 455; x_wconf 85' lang='lat' dir='ltr'>arimathia</span> <span class='ocrx_word' id='word_1_150' title='bbox 1354 418 1420 468; x_wconf 91' lang='lat' dir='ltr'>qui</span> 
     </span>
     <span class='ocr_line' id='line_1_45' title="bbox 1062 480 1420 530; baseline 0 -12"><span class='ocrx_word' id='word_1_151' title='bbox 1062 480 1186 519; x_wconf 89' lang='lat' dir='ltr'>fuerat</span> <span class='ocrx_word' id='word_1_152' title='bbox 1210 480 1420 530; x_wconf 89' lang='lat' dir='ltr'>discipulus</span> 
     </span>
     <span class='ocr_line' id='line_1_46' title="bbox 1060 543 1409 581; baseline 0.003 -1"><span class='ocrx_word' id='word_1_153' title='bbox 1060 543 1149 580; x_wconf 80' lang='lat' dir='ltr'>ihu·</span> <span class='ocrx_word' id='word_1_154' title='bbox 1191 543 1409 581; x_wconf 86' lang='lat' dir='ltr'>absconsus</span> 
     </span>
     <span class='ocr_line' id='line_1_47' title="bbox 1061 611 1367 656; baseline 0 -13"><span class='ocrx_word' id='word_1_155' title='bbox 1061 612 1189 644; x_wconf 91' lang='lat' dir='ltr'>autem</span> <span class='ocrx_word' id='word_1_156' title='bbox 1208 611 1367 656; x_wconf 90' lang='lat' dir='ltr'>propter</span> 
     </span>
     <span class='ocr_line' id='line_1_48' title="bbox 1060 668 1474 707; baseline 0.002 -1"><span class='ocrx_word' id='word_1_157' title='bbox 1060 668 1241 706; x_wconf 89' lang='lat' dir='ltr'>timorem</span> <span class='ocrx_word' id='word_1_158' title='bbox 1261 668 1448 707; x_wconf 76' lang='lat' dir='ltr'>iudaeori‘l</span> <span class='ocrx_word' id='word_1_159' title='bbox 1465 688 1474 698; x_wconf 88' lang='lat'><strong>·</strong></span> 
     </span>
     <span class='ocr_line' id='line_1_49' title="bbox 1061 730 1438 781; baseline 0.003 -13"><span class='ocrx_word' id='word_1_160' title='bbox 1061 736 1103 768; x_wconf 91' lang='lat' dir='ltr'>ut</span> <span class='ocrx_word' id='word_1_161' title='bbox 1122 730 1270 768; x_wconf 89' lang='lat' dir='ltr'>tolleret</span> <span class='ocrx_word' id='word_1_162' title='bbox 1294 742 1438 781; x_wconf 91' lang='lat' dir='ltr'>corpus</span> 
     </span>
     <span class='ocr_line' id='line_1_50' title="bbox 1062 792 1422 843; baseline 0.003 -13"><span class='ocrx_word' id='word_1_163' title='bbox 1062 792 1153 830; x_wconf 83' lang='lat' dir='ltr'>ihu·</span> <span class='ocrx_word' id='word_1_164' title='bbox 1193 798 1231 831; x_wconf 91' lang='lat' dir='ltr'>et</span> <span class='ocrx_word' id='word_1_165' title='bbox 1248 793 1422 843; x_wconf 88' lang='lat' dir='ltr'>permisit</span> 
     </span>
     <span class='ocr_line' id='line_1_51' title="bbox 1062 855 1438 906; baseline 0.005 -14"><span class='ocrx_word' id='word_1_166' title='bbox 1062 855 1203 906; x_wconf 86' lang='lat' dir='ltr'>pilatus</span> <span class='ocrx_word' id='word_1_167' title='bbox 1219 876 1228 886; x_wconf 93' lang='lat'><strong>·</strong></span> <span class='ocrx_word' id='word_1_168' title='bbox 1271 856 1377 894; x_wconf 91' lang='lat' dir='ltr'>uenit</span> <span class='ocrx_word' id='word_1_169' title='bbox 1397 868 1438 894; x_wconf 92' lang='lat' dir='ltr'>er</span> 
     </span>
     <span class='ocr_line' id='line_1_52' title="bbox 1064 918 1411 967; baseline 0 -11"><span class='ocrx_word' id='word_1_170' title='bbox 1064 930 1116 967; x_wconf 92' lang='lat' dir='ltr'>go</span> <span class='ocrx_word' id='word_1_171' title='bbox 1136 925 1175 956; x_wconf 94' lang='lat' dir='ltr'>et</span> <span class='ocrx_word' id='word_1_172' title='bbox 1194 918 1278 957; x_wconf 91' lang='lat' dir='ltr'>tulit</span> <span class='ocrx_word' id='word_1_173' title='bbox 1298 930 1411 957; x_wconf 90' lang='lat' dir='ltr'>corus</span> 
     </span>
     <span class='ocr_line' id='line_1_53' title="bbox 1064 980 1464 1020; baseline 0.003 -1"><span class='ocrx_word' id='word_1_174' title='bbox 1064 981 1131 1019; x_wconf 82' lang='lat' dir='ltr'>ihu</span> <span class='ocrx_word' id='word_1_175' title='bbox 1147 1001 1156 1011; x_wconf 89' lang='lat'><strong>·</strong></span> <span class='ocrx_word' id='word_1_176' title='bbox 1196 980 1226 1002; x_wconf 79' lang='lat'>⁸⁹</span> <span class='ocrx_word' id='word_1_177' title='bbox 1238 980 1357 1020; x_wconf 92' lang='lat' dir='ltr'>Uenit</span> <span class='ocrx_word' id='word_1_178' title='bbox 1377 984 1464 1020; x_wconf 69' lang='lat' dir='ltr'>aute</span> 
     </span>
     <span class='ocr_line' id='line_1_54' title="bbox 1063 1043 1436 1095; baseline 0.003 -14"><span class='ocrx_word' id='word_1_179' title='bbox 1063 1050 1101 1082; x_wconf 92' lang='lat' dir='ltr'>et</span> <span class='ocrx_word' id='word_1_180' title='bbox 1119 1043 1350 1082; x_wconf 90' lang='lat' dir='ltr'>nicodemus</span> <span class='ocrx_word' id='word_1_181' title='bbox 1370 1044 1436 1095; x_wconf 92' lang='lat' dir='ltr'>qui</span> 
     </span>
     <span class='ocr_line' id='line_1_55' title="bbox 1061 1106 1390 1145; baseline 0 -1"><span class='ocrx_word' id='word_1_182' title='bbox 1061 1113 1222 1145; x_wconf 88' lang='lat' dir='ltr'>uenerat</span> <span class='ocrx_word' id='word_1_183' title='bbox 1240 1106 1290 1145; x_wconf 88' lang='lat' dir='ltr'>ad</span> <span class='ocrx_word' id='word_1_184' title='bbox 1309 1107 1390 1144; x_wconf 82' lang='lat' dir='ltr'>ihm</span> 
     </span>
     <span class='ocr_line' id='line_1_56' title="bbox 1061 1170 1390 1220; baseline 0 -13"><span class='ocrx_word' id='word_1_185' title='bbox 1061 1176 1178 1208; x_wconf 89' lang='lat' dir='ltr'>nocte</span> <span class='ocrx_word' id='word_1_186' title='bbox 1227 1176 1265 1208; x_wconf 95' lang='lat' dir='ltr'>et</span> <span class='ocrx_word' id='word_1_187' title='bbox 1284 1170 1390 1220; x_wconf 92' lang='lat' dir='ltr'>prius</span> 
     </span>
     <span class='ocr_line' id='line_1_57' title="bbox 1063 1231 1386 1271; baseline 0.003 -2"><span class='ocrx_word' id='word_1_188' title='bbox 1063 1231 1243 1271; x_wconf 91' lang='lat' dir='ltr'>auferens</span> <span class='ocrx_word' id='word_1_189' title='bbox 1262 1232 1386 1270; x_wconf 87' lang='lat' dir='ltr'>mixtu</span> 
     </span>
     <span class='ocr_line' id='line_1_58' title="bbox 1061 1295 1464 1334; baseline 0.005 -2"><span class='ocrx_word' id='word_1_190' title='bbox 1061 1307 1104 1333; x_wconf 88' lang='lat' dir='ltr'>ra</span> <span class='ocrx_word' id='word_1_191' title='bbox 1127 1307 1256 1333; x_wconf 92' lang='lat' dir='ltr'>murra</span> <span class='ocrx_word' id='word_1_192' title='bbox 1275 1301 1314 1333; x_wconf 91' lang='lat' dir='ltr'>et</span> <span class='ocrx_word' id='word_1_193' title='bbox 1332 1295 1439 1334; x_wconf 89' lang='lat' dir='ltr'>aloes</span> <span class='ocrx_word' id='word_1_194' title='bbox 1455 1316 1464 1326; x_wconf 92' lang='lat'><strong>·</strong></span> 
     </span>
     <span class='ocr_line' id='line_1_59' title="bbox 1062 1357 1365 1408; baseline 0 -12"><span class='ocrx_word' id='word_1_195' title='bbox 1062 1357 1198 1408; x_wconf 89' lang='lat' dir='ltr'>ponda</span> <span class='ocrx_word' id='word_1_196' title='bbox 1216 1358 1365 1397; x_wconf 90' lang='lat' dir='ltr'>circiter</span> 
     </span>
     <span class='ocr_line' id='line_1_60' title="bbox 1063 1420 1372 1471; baseline 0 -13"><span class='ocrx_word' id='word_1_197' title='bbox 1063 1420 1173 1471; x_wconf 86' lang='lat' dir='ltr'>quasi</span> <span class='ocrx_word' id='word_1_198' title='bbox 1192 1427 1348 1459; x_wconf 91' lang='lat' dir='ltr'>centum</span> <span class='ocrx_word' id='word_1_199' title='bbox 1363 1441 1372 1451; x_wconf 87' lang='lat'><strong>·</strong></span> 
     </span>
     <span class='ocr_line' id='line_1_61' title="bbox 1064 1482 1462 1533; baseline 0 -12"><span class='ocrx_word' id='word_1_200' title='bbox 1064 1482 1093 1503; x_wconf 75' lang='lat'>⁴⁰</span> <span class='ocrx_word' id='word_1_201' title='bbox 1107 1482 1350 1522; x_wconf 87' lang='lat' dir='ltr'>Sustulerunt</span> <span class='ocrx_word' id='word_1_202' title='bbox 1369 1495 1462 1533; x_wconf 89' lang='lat' dir='ltr'>ergo</span> 
     </span>
     <span class='ocr_line' id='line_1_62' title="bbox 1063 1546 1477 1596; baseline -0.002 -11"><span class='ocrx_word' id='word_1_203' title='bbox 1063 1557 1204 1596; x_wconf 90' lang='lat' dir='ltr'>corpus</span> <span class='ocrx_word' id='word_1_204' title='bbox 1223 1546 1290 1584; x_wconf 84' lang='lat' dir='ltr'>ihu</span> <span class='ocrx_word' id='word_1_205' title='bbox 1305 1567 1314 1576; x_wconf 93' lang='lat'><strong>·</strong></span> <span class='ocrx_word' id='word_1_206' title='bbox 1355 1552 1393 1584; x_wconf 93' lang='lat' dir='ltr'>et</span> <span class='ocrx_word' id='word_1_207' title='bbox 1415 1546 1477 1585; x_wconf 88' lang='lat' dir='ltr'>alli</span> 
     </span>
     <span class='ocr_line' id='line_1_63' title="bbox 1062 1608 1378 1659; baseline 0 -13"><span class='ocrx_word' id='word_1_208' title='bbox 1062 1615 1252 1659; x_wconf 90' lang='lat' dir='ltr'>gauerunt</span> <span class='ocrx_word' id='word_1_209' title='bbox 1271 1608 1378 1647; x_wconf 90' lang='lat' dir='ltr'>illum</span> 
     </span>
    </p>
   </div>
   <div class='ocr_carea' id='block_1_10' title="bbox 1063 1696 1492 2373">
    <p class='ocr_par' dir='ltr' id='par_1_12' title="bbox 1063 1696 1492 2111">
     <span class='ocr_line' id='line_1_64' title="bbox 1063 1696 1420 1735; baseline 0.003 -2"><span class='ocrx_word' id='word_1_210' title='bbox 1063 1696 1103 1734; x_wconf 91' lang='lat' dir='ltr'>in</span> <span class='ocrx_word' id='word_1_211' title='bbox 1122 1696 1398 1735; x_wconf 90' lang='lat' dir='ltr'>lintiaminibus</span> <span class='ocrx_word' id='word_1_212' title='bbox 1411 1717 1420 1726; x_wconf 90' lang='lat'><strong>·</strong></span> 
     </span>
     <span class='ocr_line' id='line_1_65' title="bbox 1063 1759 1435 1798; baseline 0.003 -1"><span class='ocrx_word' id='word_1_213' title='bbox 1063 1770 1154 1797; x_wconf 92' lang='lat' dir='ltr'>cum</span> <span class='ocrx_word' id='word_1_214' title='bbox 1174 1759 1410 1798; x_wconf 87' lang='lat' dir='ltr'>aromatibus</span> <span class='ocrx_word' id='word_1_215' title='bbox 1425 1779 1435 1789; x_wconf 91' lang='lat'><strong>·</strong></span> 
     </span>
     <span class='ocr_line' id='line_1_66' title="bbox 1064 1822 1449 1860; baseline 0 0"><span class='ocrx_word' id='word_1_216' title='bbox 1064 1822 1163 1860; x_wconf 92' lang='lat' dir='ltr'>sicut</span> <span class='ocrx_word' id='word_1_217' title='bbox 1182 1829 1240 1860; x_wconf 92' lang='lat' dir='ltr'>est</span> <span class='ocrx_word' id='word_1_218' title='bbox 1259 1829 1449 1860; x_wconf 87' lang='lat' dir='ltr'>consuetu</span> 
     </span>
     <span class='ocr_line' id='line_1_67' title="bbox 1065 1884 1444 1935; baseline 0.003 -13"><span class='ocrx_word' id='word_1_219' title='bbox 1065 1884 1165 1923; x_wconf 92' lang='lat' dir='ltr'>dinis</span> <span class='ocrx_word' id='word_1_220' title='bbox 1184 1884 1332 1923; x_wconf 90' lang='lat' dir='ltr'>iudaeis</span> <span class='ocrx_word' id='word_1_221' title='bbox 1352 1897 1444 1935; x_wconf 90' lang='lat' dir='ltr'>sepe</span> 
     </span>
     <span class='ocr_line' id='line_1_68' title="bbox 1064 1946 1486 1986; baseline 0.002 -1"><span class='ocrx_word' id='word_1_222' title='bbox 1064 1947 1132 1986; x_wconf 91' lang='lat' dir='ltr'>lire</span> <span class='ocrx_word' id='word_1_223' title='bbox 1149 1968 1158 1978; x_wconf 93' lang='lat'><strong>·</strong></span> <span class='ocrx_word' id='word_1_224' title='bbox 1200 1946 1229 1969; x_wconf 75' lang='lat'>⁴1</span> <span class='ocrx_word' id='word_1_225' title='bbox 1240 1947 1335 1985; x_wconf 91' lang='lat' dir='ltr'>Erat</span> <span class='ocrx_word' id='word_1_226' title='bbox 1354 1955 1486 1986; x_wconf 86' lang='lat' dir='ltr'>autem</span> 
     </span>
     <span class='ocr_line' id='line_1_69' title="bbox 1065 2009 1492 2049; baseline 0 -1"><span class='ocrx_word' id='word_1_227' title='bbox 1065 2010 1105 2048; x_wconf 93' lang='lat' dir='ltr'>in</span> <span class='ocrx_word' id='word_1_228' title='bbox 1124 2010 1189 2048; x_wconf 91' lang='lat' dir='ltr'>illo</span> <span class='ocrx_word' id='word_1_229' title='bbox 1209 2009 1299 2048; x_wconf 94' lang='lat' dir='ltr'>loco</span> <span class='ocrx_word' id='word_1_230' title='bbox 1336 2010 1404 2048; x_wconf 92' lang='lat' dir='ltr'>ubi</span> <span class='ocrx_word' id='word_1_231' title='bbox 1423 2022 1492 2049; x_wconf 89' lang='lat' dir='ltr'>cru</span> 
     </span>
     <span class='ocr_line' id='line_1_70' title="bbox 1064 2073 1390 2111; baseline 0 -1"><span class='ocrx_word' id='word_1_232' title='bbox 1064 2073 1199 2111; x_wconf 85' lang='lat' dir='ltr'>cifixus</span> <span class='ocrx_word' id='word_1_233' title='bbox 1219 2079 1299 2111; x_wconf 92' lang='lat' dir='ltr'>erat</span> <span class='ocrx_word' id='word_1_234' title='bbox 1318 2073 1390 2110; x_wconf 94' lang='lat' dir='ltr'>hor</span> 
     </span>
    </p>

    <p class='ocr_par' dir='ltr' id='par_1_13' title="bbox 1063 2135 1478 2373">
     <span class='ocr_line' id='line_1_71' title="bbox 1063 2135 1441 2174; baseline 0 0"><span class='ocrx_word' id='word_1_235' title='bbox 1063 2142 1125 2174; x_wconf 89' lang='lat' dir='ltr'>tus</span> <span class='ocrx_word' id='word_1_236' title='bbox 1167 2142 1205 2173; x_wconf 92' lang='lat' dir='ltr'>et</span> <span class='ocrx_word' id='word_1_237' title='bbox 1224 2136 1264 2173; x_wconf 93' lang='lat' dir='ltr'>in</span> <span class='ocrx_word' id='word_1_238' title='bbox 1283 2135 1441 2174; x_wconf 90' lang='lat' dir='ltr'>hortum</span> 
     </span>
     <span class='ocr_line' id='line_1_72' title="bbox 1064 2204 1436 2236; baseline 0.003 -1"><span class='ocrx_word' id='word_1_239' title='bbox 1064 2204 1363 2236; x_wconf 90' lang='lat' dir='ltr'>monumentum</span> <span class='ocrx_word' id='word_1_240' title='bbox 1383 2210 1436 2236; x_wconf 93' lang='lat' dir='ltr'>no</span> 
     </span>
     <span class='ocr_line' id='line_1_73' title="bbox 1064 2261 1478 2310; baseline 0.002 -12"><span class='ocrx_word' id='word_1_241' title='bbox 1064 2273 1160 2298; x_wconf 92' lang='lat' dir='ltr'>uum</span> <span class='ocrx_word' id='word_1_242' title='bbox 1200 2261 1240 2297; x_wconf 91' lang='lat' dir='ltr'>in</span> <span class='ocrx_word' id='word_1_243' title='bbox 1260 2273 1340 2310; x_wconf 92' lang='lat' dir='ltr'>quo</span> <span class='ocrx_word' id='word_1_244' title='bbox 1360 2272 1478 2299; x_wconf 93' lang='lat' dir='ltr'>nemo</span> 
     </span>
     <span class='ocr_line' id='line_1_74' title="bbox 1065 2322 1384 2373; baseline -0.003 -12"><span class='ocrx_word' id='word_1_245' title='bbox 1065 2323 1215 2373; x_wconf 89' lang='lat' dir='ltr'>positus</span> <span class='ocrx_word' id='word_1_246' title='bbox 1236 2322 1361 2360; x_wconf 91' lang='lat' dir='ltr'>fuerat</span> <span class='ocrx_word' id='word_1_247' title='bbox 1375 2343 1384 2352; x_wconf 90' lang='lat'><strong>·</strong></span> 
     </span>
    </p>
   </div>
   <div class='ocr_carea' id='block_1_11' title="bbox 1066 2383 1534 2436">
    <p class='ocr_par' dir='ltr' id='par_1_14' title="bbox 1066 2383 1534 2436">
     <span class='ocr_line' id='line_1_75' title="bbox 1066 2383 1534 2436; baseline 0.002 -14"><span class='ocrx_word' id='word_1_248' title='bbox 1066 2383 1095 2405; x_wconf 78' lang='lat'>⁴²</span> <span class='ocrx_word' id='word_1_249' title='bbox 1107 2385 1167 2423; x_wconf 91' lang='lat' dir='ltr'>Ibi</span> <span class='ocrx_word' id='word_1_250' title='bbox 1187 2396 1282 2434; x_wconf 88' lang='lat' dir='ltr'>ergo</span> <span class='ocrx_word' id='word_1_251' title='bbox 1302 2391 1461 2435; x_wconf 90' lang='lat' dir='ltr'>propter</span> <span class='ocrx_word' id='word_1_252' title='bbox 1482 2397 1534 2436; x_wconf 92' lang='lat' dir='ltr'>pa</span> 
     </span>
    </p>
   </div>
   <div class='ocr_carea' id='block_1_12' title="bbox 1065 2447 1485 2675">
    <p class='ocr_par' dir='ltr' id='par_1_15' title="bbox 1065 2447 1485 2675">
     <span class='ocr_line' id='line_1_76' title="bbox 1066 2447 1410 2486; baseline -0.003 0"><span class='ocrx_word' id='word_1_253' title='bbox 1066 2459 1253 2486; x_wconf 90' lang='lat' dir='ltr'>rasceuen</span> <span class='ocrx_word' id='word_1_254' title='bbox 1270 2447 1410 2485; x_wconf 89' lang='lat' dir='ltr'>iudaeo</span> 
     </span>
     <span class='ocr_line' id='line_1_77' title="bbox 1065 2510 1485 2560; baseline -0.005 -11"><span class='ocrx_word' id='word_1_255' title='bbox 1065 2523 1152 2549; x_wconf 89' lang='lat' dir='ltr'>rum</span> <span class='ocrx_word' id='word_1_256' title='bbox 1172 2516 1385 2560; x_wconf 90' lang='lat' dir='ltr'>posuerunt</span> <span class='ocrx_word' id='word_1_257' title='bbox 1403 2510 1485 2548; x_wconf 83' lang='lat' dir='ltr'>ihm</span> 
     </span>
     <span class='ocr_line' id='line_1_78' title="bbox 1065 2574 1398 2625; baseline -0.003 -14"><span class='ocrx_word' id='word_1_258' title='bbox 1065 2574 1156 2625; x_wconf 89' lang='lat' dir='ltr'>quia</span> <span class='ocrx_word' id='word_1_259' title='bbox 1173 2585 1297 2623; x_wconf 90' lang='lat' dir='ltr'>prope</span> <span class='ocrx_word' id='word_1_260' title='bbox 1316 2579 1398 2611; x_wconf 87' lang='lat' dir='ltr'>erat</span> 
     </span>
     <span class='ocr_line' id='line_1_79' title="bbox 1068 2639 1396 2675; baseline -0.009 0"><span class='ocrx_word' id='word_1_261' title='bbox 1068 2639 1327 2675; x_wconf 65' lang='lat' dir='ltr'>monumenti-2</span> <span class='ocrx_word' id='word_1_262' title='bbox 1341 2652 1396 2668; x_wconf 59' lang='lat' dir='ltr'>m</span> 
     </span>
    </p>
   </div>
   <div class='ocr_carea' id='block_1_13' title="bbox 1041 2698 1522 2739">
    <p class='ocr_par' dir='ltr' id='par_1_16' title="bbox 1041 2698 1522 2739">
     <span class='ocr_line' id='line_1_80' title="bbox 1041 2698 1522 2739; baseline -0.006 0"><span class='ocrx_word' id='word_1_263' title='bbox 1041 2698 1287 2739; x_wconf 84' lang='lat' dir='ltr'>*20.1Prima</span> <span class='ocrx_word' id='word_1_264' title='bbox 1302 2704 1434 2736; x_wconf 89' lang='lat' dir='ltr'>autem</span> <span class='ocrx_word' id='word_1_265' title='bbox 1454 2698 1522 2736; x_wconf 87' lang='lat' dir='ltr'>sab</span> 
     </span>
    </p>
   </div>
   <div class='ocr_carea' id='block_1_14' title="bbox 571 2761 1424 2881">
    <p class='ocr_par' dir='ltr' id='par_1_17' title="bbox 571 2761 1424 2881">
     <span class='ocr_line' id='line_1_81' title="bbox 571 2761 1424 2814; baseline 0.002 -17"><span class='ocrx_word' id='word_1_266' title='bbox 571 2761 796 2799; x_wconf 75' lang='lat' dir='ltr'>³⁸Posthaec</span> <span class='ocrx_word' id='word_1_267' title='bbox 805 2769 933 2800; x_wconf 86' lang='lat' dir='ltr'>autem</span> <span class='ocrx_word' id='word_1_268' title='bbox 941 2762 1146 2814; x_wconf 85' lang='lat' dir='ltr'>roga*bati</span> <span class='ocrx_word' id='word_1_269' title='bbox 1162 2782 1170 2792; x_wconf 90' lang='lat'><strong>·</strong></span> <span class='ocrx_word' id='word_1_270' title='bbox 1191 2761 1312 2799; x_wconf 87' lang='lat' dir='ltr'>maria</span> <span class='ocrx_word' id='word_1_271' title='bbox 1331 2773 1424 2811; x_wconf 88' lang='lat' dir='ltr'>mag</span> 
     </span>
     <span class='ocr_line' id='line_1_82' title="bbox 571 2822 1383 2881; baseline 0.004 -22"><span class='ocrx_word' id='word_1_272' title='bbox 571 2822 626 2859; x_wconf 87' lang='lat' dir='ltr'>uit</span> <span class='ocrx_word' id='word_1_273' title='bbox 645 2823 804 2871; x_wconf 91' lang='lat' dir='ltr'>pilatum</span> <span class='ocrx_word' id='word_1_274' title='bbox 851 2826 969 2874; x_wconf 70' lang='lat' dir='ltr'>quida</span> <span class='ocrx_word' id='word_1_275' title='bbox 1037 2825 1224 2863; x_wconf 87' lang='lat' dir='ltr'>*dalenae</span> <span class='ocrx_word' id='word_1_276' title='bbox 1245 2845 1255 2881; x_wconf 89' lang='lat'>&#39;.</span> <span class='ocrx_word' id='word_1_277' title='bbox 1275 2825 1383 2862; x_wconf 91' lang='lat' dir='ltr'>uenit</span> 
     </span>
    </p>
   </div>
   <div class='ocr_carea' id='block_1_15' title="bbox 571 2885 882 2935">
    <p class='ocr_par' dir='ltr' id='par_1_18' title="bbox 571 2885 882 2935">
     <span class='ocr_line' id='line_1_83' title="bbox 571 2885 882 2935; baseline 0.01 -14"><span class='ocrx_word' id='word_1_278' title='bbox 571 2885 727 2922; x_wconf 90' lang='lat' dir='ltr'>nomine</span> <span class='ocrx_word' id='word_1_279' title='bbox 746 2885 882 2935; x_wconf 87' lang='lat' dir='ltr'>ioseph</span> 
     </span>
    </p>
   </div>
   <div class='ocr_carea' id='block_1_16' title="bbox 1064 2886 1435 2926">
    <p class='ocr_par' dir='ltr' id='par_1_19' title="bbox 1064 2886 1435 2926">
     <span class='ocr_line' id='line_1_84' title="bbox 1064 2886 1435 2926; baseline 0.003 -2"><span class='ocrx_word' id='word_1_280' title='bbox 1064 2899 1179 2925; x_wconf 91' lang='lat' dir='ltr'>mane</span> <span class='ocrx_word' id='word_1_281' title='bbox 1199 2899 1288 2925; x_wconf 87' lang='lat' dir='ltr'>curn</span> <span class='ocrx_word' id='word_1_282' title='bbox 1309 2886 1435 2926; x_wconf 88' lang='lat' dir='ltr'>adhuc</span> 
     </span>
    </p>
   </div>
   <div class='ocr_carea' id='block_1_17' title="bbox 1597 414 2025 1658">
    <p class='ocr_par' dir='ltr' id='par_1_20' title="bbox 1597 414 1997 516">
     <span class='ocr_line' id='line_1_85' title="bbox 1597 414 1997 453; baseline 0.003 -1"><span class='ocrx_word' id='word_1_283' title='bbox 1597 415 1779 453; x_wconf 90' lang='lat' dir='ltr'>tenebrae</span> <span class='ocrx_word' id='word_1_284' title='bbox 1799 420 1928 453; x_wconf 89' lang='lat' dir='ltr'>essent</span> <span class='ocrx_word' id='word_1_285' title='bbox 1947 414 1997 453; x_wconf 89' lang='lat' dir='ltr'>ad</span> 
     </span>
     <span class='ocr_line' id='line_1_86' title="bbox 1598 483 1922 516; baseline 0.006 -2"><span class='ocrx_word' id='word_1_286' title='bbox 1598 483 1898 516; x_wconf 91' lang='lat' dir='ltr'>monumentum</span> <span class='ocrx_word' id='word_1_287' title='bbox 1913 498 1922 508; x_wconf 93' lang='lat'><strong>·</strong></span> 
     </span>
    </p>

    <p class='ocr_par' dir='ltr' id='par_1_21' title="bbox 1597 539 2008 1081">
     <span class='ocr_line' id='line_1_87' title="bbox 1598 539 1942 591; baseline 0.003 -13"><span class='ocrx_word' id='word_1_288' title='bbox 1598 546 1637 578; x_wconf 90' lang='lat' dir='ltr'>et</span> <span class='ocrx_word' id='word_1_289' title='bbox 1656 539 1752 578; x_wconf 87' lang='lat' dir='ltr'>uidit</span> <span class='ocrx_word' id='word_1_290' title='bbox 1771 539 1942 591; x_wconf 87' lang='lat' dir='ltr'>lapidem</span> 
     </span>
     <span class='ocr_line' id='line_1_88' title="bbox 1597 607 1974 642; baseline 0.005 -2"><span class='ocrx_word' id='word_1_291' title='bbox 1597 607 1791 641; x_wconf 90' lang='lat' dir='ltr'>remotum</span> <span class='ocrx_word' id='word_1_292' title='bbox 1810 615 1834 641; x_wconf 90' lang='lat' dir='ltr'>a</span> <span class='ocrx_word' id='word_1_293' title='bbox 1852 615 1974 642; x_wconf 90' lang='lat' dir='ltr'>monu</span> 
     </span>
     <span class='ocr_line' id='line_1_89' title="bbox 1597 663 1945 705; baseline 0.006 -2"><span class='ocrx_word' id='word_1_294' title='bbox 1597 671 1732 704; x_wconf 88' lang='lat' dir='ltr'>mento</span> <span class='ocrx_word' id='word_1_295' title='bbox 1749 686 1758 695; x_wconf 93' lang='lat'><strong>·</strong></span> <span class='ocrx_word' id='word_1_296' title='bbox 1801 663 1816 685; x_wconf 75' lang='lat'>²</span> <span class='ocrx_word' id='word_1_297' title='bbox 1827 679 1945 705; x_wconf 89' lang='lat' dir='ltr'>cucur</span> 
     </span>
     <span class='ocr_line' id='line_1_90' title="bbox 1598 728 1943 778; baseline 0.009 -13"><span class='ocrx_word' id='word_1_298' title='bbox 1598 728 1646 766; x_wconf 90' lang='lat' dir='ltr'>rit</span> <span class='ocrx_word' id='word_1_299' title='bbox 1664 740 1759 778; x_wconf 91' lang='lat' dir='ltr'>ergo</span> <span class='ocrx_word' id='word_1_300' title='bbox 1779 734 1818 766; x_wconf 92' lang='lat' dir='ltr'>et</span> <span class='ocrx_word' id='word_1_301' title='bbox 1835 730 1943 768; x_wconf 87' lang='lat' dir='ltr'>uenit</span> 
     </span>
     <span class='ocr_line' id='line_1_91' title="bbox 1598 790 1930 843; baseline 0.009 -15"><span class='ocrx_word' id='word_1_302' title='bbox 1598 790 1648 829; x_wconf 87' lang='lat' dir='ltr'>ad</span> <span class='ocrx_word' id='word_1_303' title='bbox 1668 791 1860 830; x_wconf 90' lang='lat' dir='ltr'>simonem</span> <span class='ocrx_word' id='word_1_304' title='bbox 1879 804 1930 843; x_wconf 93' lang='lat' dir='ltr'>pe</span> 
     </span>
     <span class='ocr_line' id='line_1_92' title="bbox 1598 854 1982 894; baseline 0.008 -3"><span class='ocrx_word' id='word_1_305' title='bbox 1598 859 1699 891; x_wconf 89' lang='lat' dir='ltr'>trum</span> <span class='ocrx_word' id='word_1_306' title='bbox 1737 860 1776 893; x_wconf 92' lang='lat' dir='ltr'>et</span> <span class='ocrx_word' id='word_1_307' title='bbox 1795 854 1845 892; x_wconf 90' lang='lat' dir='ltr'>ad</span> <span class='ocrx_word' id='word_1_308' title='bbox 1864 855 1982 894; x_wconf 90' lang='lat' dir='ltr'>alium</span> 
     </span>
     <span class='ocr_line' id='line_1_93' title="bbox 1598 915 1925 968; baseline 0.009 -14"><span class='ocrx_word' id='word_1_309' title='bbox 1598 915 1830 968; x_wconf 90' lang='lat' dir='ltr'>discipulum</span> <span class='ocrx_word' id='word_1_310' title='bbox 1849 921 1925 968; x_wconf 70' lang='lat' dir='ltr'>que</span> 
     </span>
     <span class='ocr_line' id='line_1_94' title="bbox 1599 979 2008 1019; baseline 0.007 -3"><span class='ocrx_word' id='word_1_311' title='bbox 1599 979 1755 1018; x_wconf 88' lang='lat' dir='ltr'>amabat</span> <span class='ocrx_word' id='word_1_312' title='bbox 1773 979 1832 1018; x_wconf 82' lang='lat' dir='ltr'>ihs</span> <span class='ocrx_word' id='word_1_313' title='bbox 1849 1001 1858 1010; x_wconf 92' lang='lat'><strong>·</strong></span> <span class='ocrx_word' id='word_1_314' title='bbox 1899 986 1937 1019; x_wconf 93' lang='lat' dir='ltr'>et</span> <span class='ocrx_word' id='word_1_315' title='bbox 1956 980 2008 1019; x_wconf 88' lang='lat' dir='ltr'>ait</span> 
     </span>
     <span class='ocr_line' id='line_1_95' title="bbox 1597 1041 1890 1081; baseline 0.007 -2"><span class='ocrx_word' id='word_1_316' title='bbox 1597 1041 1670 1080; x_wconf 90' lang='lat' dir='ltr'>illis</span> <span class='ocrx_word' id='word_1_317' title='bbox 1683 1062 1692 1071; x_wconf 91' lang='lat'><strong>·</strong></span> <span class='ocrx_word' id='word_1_318' title='bbox 1721 1043 1890 1081; x_wconf 91' lang='lat' dir='ltr'>tulerunt</span> 
     </span>
    </p>

    <p class='ocr_par' dir='ltr' id='par_1_22' title="bbox 1598 1104 1999 1280">
     <span class='ocr_line' id='line_1_96' title="bbox 1600 1104 1999 1144; baseline 0.008 -3"><span class='ocrx_word' id='word_1_319' title='bbox 1600 1104 1695 1142; x_wconf 73' lang='lat' dir='ltr'>dnm</span> <span class='ocrx_word' id='word_1_320' title='bbox 1715 1104 1763 1143; x_wconf 89' lang='lat' dir='ltr'>de</span> <span class='ocrx_word' id='word_1_321' title='bbox 1782 1117 1999 1144; x_wconf 89' lang='lat' dir='ltr'>monumen</span> 
     </span>
     <span class='ocr_line' id='line_1_97' title="bbox 1598 1169 1958 1207; baseline 0.008 -3"><span class='ocrx_word' id='word_1_322' title='bbox 1598 1173 1640 1205; x_wconf 96' lang='lat' dir='ltr'>to</span> <span class='ocrx_word' id='word_1_323' title='bbox 1657 1187 1666 1197; x_wconf 88' lang='lat'><strong>·</strong></span> <span class='ocrx_word' id='word_1_324' title='bbox 1707 1174 1744 1206; x_wconf 93' lang='lat' dir='ltr'>et</span> <span class='ocrx_word' id='word_1_325' title='bbox 1763 1169 1958 1207; x_wconf 91' lang='lat' dir='ltr'>nescimus</span> 
     </span>
     <span class='ocr_line' id='line_1_98' title="bbox 1598 1229 1898 1280; baseline 0.01 -13"><span class='ocrx_word' id='word_1_326' title='bbox 1598 1229 1664 1267; x_wconf 90' lang='lat' dir='ltr'>ubi</span> <span class='ocrx_word' id='word_1_327' title='bbox 1683 1238 1898 1280; x_wconf 90' lang='lat' dir='ltr'>posuerunt</span> 
     </span>
    </p>

    <p class='ocr_par' dir='ltr' id='par_1_23' title="bbox 1599 1293 2025 1658">
     <span class='ocr_line' id='line_1_99' title="bbox 1600 1293 2025 1345; baseline 0.007 -15"><span class='ocrx_word' id='word_1_328' title='bbox 1600 1304 1690 1330; x_wconf 90' lang='lat' dir='ltr'>eum</span> <span class='ocrx_word' id='word_1_329' title='bbox 1706 1313 1715 1322; x_wconf 93' lang='lat'><strong>·</strong></span> <span class='ocrx_word' id='word_1_330' title='bbox 1755 1293 1769 1314; x_wconf 83' lang='lat'>³</span> <span class='ocrx_word' id='word_1_331' title='bbox 1781 1293 1912 1333; x_wconf 87' lang='lat' dir='ltr'>Exiuit</span> <span class='ocrx_word' id='word_1_332' title='bbox 1931 1307 2025 1345; x_wconf 89' lang='lat' dir='ltr'>ergo</span> 
     </span>
     <span class='ocr_line' id='line_1_100' title="bbox 1599 1357 1904 1406; baseline 0.01 -13"><span class='ocrx_word' id='word_1_333' title='bbox 1599 1361 1731 1406; x_wconf 90' lang='lat' dir='ltr'>petrus</span> <span class='ocrx_word' id='word_1_334' title='bbox 1751 1362 1789 1394; x_wconf 88' lang='lat' dir='ltr'>et</span> <span class='ocrx_word' id='word_1_335' title='bbox 1808 1357 1904 1396; x_wconf 89' lang='lat' dir='ltr'>alius</span> 
     </span>
     <span class='ocr_line' id='line_1_101' title="bbox 1600 1418 1978 1469; baseline 0.008 -13"><span class='ocrx_word' id='word_1_336' title='bbox 1600 1418 1809 1469; x_wconf 92' lang='lat' dir='ltr'>discipulus</span> <span class='ocrx_word' id='word_1_337' title='bbox 1822 1441 1831 1450; x_wconf 92' lang='lat'><strong>·</strong></span> <span class='ocrx_word' id='word_1_338' title='bbox 1872 1427 1909 1459; x_wconf 91' lang='lat' dir='ltr'>et</span> <span class='ocrx_word' id='word_1_339' title='bbox 1928 1433 1978 1460; x_wconf 93' lang='lat' dir='ltr'>ue</span> 
     </span>
     <span class='ocr_line' id='line_1_102' title="bbox 1601 1482 1956 1522; baseline 0.008 -3"><span class='ocrx_word' id='word_1_340' title='bbox 1601 1489 1742 1520; x_wconf 91' lang='lat' dir='ltr'>nerunt</span> <span class='ocrx_word' id='word_1_341' title='bbox 1761 1482 1811 1521; x_wconf 89' lang='lat' dir='ltr'>ad</span> <span class='ocrx_word' id='word_1_342' title='bbox 1832 1495 1956 1522; x_wconf 92' lang='lat' dir='ltr'>monu</span> 
     </span>
     <span class='ocr_line' id='line_1_103' title="bbox 1599 1546 1979 1585; baseline 0.011 -4"><span class='ocrx_word' id='word_1_343' title='bbox 1599 1550 1776 1583; x_wconf 89' lang='lat' dir='ltr'>mentum</span> <span class='ocrx_word' id='word_1_344' title='bbox 1790 1566 1799 1575; x_wconf 92' lang='lat'><strong>·</strong></span> <span class='ocrx_word' id='word_1_345' title='bbox 1843 1546 1858 1566; x_wconf 75' lang='lat'><strong>⁴</strong></span> <span class='ocrx_word' id='word_1_346' title='bbox 1869 1558 1979 1585; x_wconf 88' lang='lat' dir='ltr'>curre</span> 
     </span>
     <span class='ocr_line' id='line_1_104' title="bbox 1600 1607 1947 1658; baseline 0.009 -13"><span class='ocrx_word' id='word_1_347' title='bbox 1600 1607 1695 1645; x_wconf 89' lang='lat' dir='ltr'>bant</span> <span class='ocrx_word' id='word_1_348' title='bbox 1714 1619 1808 1658; x_wconf 87' lang='lat' dir='ltr'>ergo</span> <span class='ocrx_word' id='word_1_349' title='bbox 1828 1610 1947 1648; x_wconf 89' lang='lat' dir='ltr'>ambo</span> 
     </span>
    </p>
   </div>
   <div class='ocr_carea' id='block_1_18' title="bbox 1599 1695 2042 2938">
    <p class='ocr_par' dir='ltr' id='par_1_24' title="bbox 1599 1695 2042 2938">
     <span class='ocr_line' id='line_1_105' title="bbox 1601 1695 1992 1745; baseline 0.008 -12"><span class='ocrx_word' id='word_1_350' title='bbox 1601 1695 1743 1745; x_wconf 86' lang='lat' dir='ltr'>pariter</span> <span class='ocrx_word' id='word_1_351' title='bbox 1756 1716 1765 1726; x_wconf 92' lang='lat'><strong>·</strong></span> <span class='ocrx_word' id='word_1_352' title='bbox 1813 1696 1876 1734; x_wconf 92' lang='lat' dir='ltr'>ille</span> <span class='ocrx_word' id='word_1_353' title='bbox 1897 1696 1992 1736; x_wconf 88' lang='lat' dir='ltr'>alter</span> 
     </span>
     <span class='ocr_line' id='line_1_106' title="bbox 1602 1758 1900 1809; baseline 0.003 -13"><span class='ocrx_word' id='word_1_354' title='bbox 1602 1758 1811 1809; x_wconf 90' lang='lat' dir='ltr'>discipulus</span> <span class='ocrx_word' id='word_1_355' title='bbox 1831 1771 1900 1809; x_wconf 91' lang='lat' dir='ltr'>pre</span> 
     </span>
     <span class='ocr_line' id='line_1_107' title="bbox 1601 1822 1907 1861; baseline 0.007 -3"><span class='ocrx_word' id='word_1_356' title='bbox 1601 1822 1716 1859; x_wconf 92' lang='lat' dir='ltr'>currit</span> <span class='ocrx_word' id='word_1_357' title='bbox 1735 1822 1907 1861; x_wconf 89' lang='lat' dir='ltr'>uelocius</span> 
     </span>
     <span class='ocr_line' id='line_1_108' title="bbox 1600 1885 2002 1936; baseline 0.005 -14"><span class='ocrx_word' id='word_1_358' title='bbox 1600 1890 1713 1934; x_wconf 89' lang='lat' dir='ltr'>petro</span> <span class='ocrx_word' id='word_1_359' title='bbox 1760 1891 1798 1923; x_wconf 93' lang='lat' dir='ltr'>et</span> <span class='ocrx_word' id='word_1_360' title='bbox 1817 1885 2002 1936; x_wconf 78' lang='lat' dir='ltr'>uenit&#39;pri</span> 
     </span>
     <span class='ocr_line' id='line_1_109' title="bbox 1601 1947 2017 1987; baseline 0.007 -3"><span class='ocrx_word' id='word_1_361' title='bbox 1601 1958 1647 1984; x_wconf 94' lang='lat' dir='ltr'>or</span> <span class='ocrx_word' id='word_1_362' title='bbox 1667 1947 1717 1985; x_wconf 89' lang='lat' dir='ltr'>ad</span> <span class='ocrx_word' id='word_1_363' title='bbox 1737 1953 1995 1987; x_wconf 63' lang='lat' dir='ltr'>monumenti-1</span> <span class='ocrx_word' id='word_1_364' title='bbox 2009 1970 2017 1979; x_wconf 93' lang='lat'><em>·</em></span> 
     </span>
     <span class='ocr_line' id='line_1_110' title="bbox 1602 2008 2014 2060; baseline 0.007 -13"><span class='ocrx_word' id='word_1_365' title='bbox 1602 2008 1616 2030; x_wconf 79' lang='lat'>⁵</span> <span class='ocrx_word' id='word_1_366' title='bbox 1631 2016 1669 2047; x_wconf 92' lang='lat' dir='ltr'>et</span> <span class='ocrx_word' id='word_1_367' title='bbox 1687 2011 1930 2060; x_wconf 88' lang='lat' dir='ltr'>prospiciens</span> <span class='ocrx_word' id='word_1_368' title='bbox 1943 2032 1952 2041; x_wconf 92' lang='lat'><strong>·</strong></span> <span class='ocrx_word' id='word_1_369' title='bbox 1973 2012 2014 2050; x_wconf 93' lang='lat' dir='ltr'>ui</span> 
     </span>
     <span class='ocr_line' id='line_1_111' title="bbox 1602 2071 1994 2124; baseline 0.008 -15"><span class='ocrx_word' id='word_1_370' title='bbox 1602 2071 1657 2110; x_wconf 90' lang='lat' dir='ltr'>dit</span> <span class='ocrx_word' id='word_1_371' title='bbox 1674 2072 1889 2111; x_wconf 90' lang='lat' dir='ltr'>lintiamina</span> <span class='ocrx_word' id='word_1_372' title='bbox 1907 2075 1994 2124; x_wconf 91' lang='lat' dir='ltr'>posi</span> 
     </span>
     <span class='ocr_line' id='line_1_112' title="bbox 1602 2137 2042 2176; baseline 0.007 -3"><span class='ocrx_word' id='word_1_373' title='bbox 1602 2141 1642 2173; x_wconf 89' lang='lat' dir='ltr'>ta</span> <span class='ocrx_word' id='word_1_374' title='bbox 1688 2148 1771 2174; x_wconf 93' lang='lat' dir='ltr'>non</span> <span class='ocrx_word' id='word_1_375' title='bbox 1790 2142 1921 2175; x_wconf 90' lang='lat' dir='ltr'>tamen</span> <span class='ocrx_word' id='word_1_376' title='bbox 1941 2137 2042 2176; x_wconf 91' lang='lat' dir='ltr'>intro</span> 
     </span>
     <span class='ocr_line' id='line_1_113' title="bbox 1602 2197 1970 2249; baseline 0.005 -13"><span class='ocrx_word' id='word_1_377' title='bbox 1602 2198 1644 2236; x_wconf 88' lang='lat' dir='ltr'>iit</span> <span class='ocrx_word' id='word_1_378' title='bbox 1660 2219 1669 2228; x_wconf 92' lang='lat'><strong>·</strong></span> <span class='ocrx_word' id='word_1_379' title='bbox 1710 2199 1723 2219; x_wconf 79' lang='lat'>⁰</span> <span class='ocrx_word' id='word_1_380' title='bbox 1736 2197 1856 2236; x_wconf 91' lang='lat' dir='ltr'>Uenit</span> <span class='ocrx_word' id='word_1_381' title='bbox 1876 2211 1970 2249; x_wconf 91' lang='lat' dir='ltr'>ergo</span> 
     </span>
     <span class='ocr_line' id='line_1_114' title="bbox 1602 2261 1944 2310; baseline 0.006 -12"><span class='ocrx_word' id='word_1_382' title='bbox 1602 2261 1730 2299; x_wconf 86' lang='lat' dir='ltr'>simon</span> <span class='ocrx_word' id='word_1_383' title='bbox 1750 2267 1882 2310; x_wconf 91' lang='lat' dir='ltr'>petrus</span> <span class='ocrx_word' id='word_1_384' title='bbox 1902 2274 1944 2300; x_wconf 90' lang='lat' dir='ltr'>se</span> 
     </span>
     <span class='ocr_line' id='line_1_115' title="bbox 1602 2323 1963 2374; baseline 0.006 -13"><span class='ocrx_word' id='word_1_385' title='bbox 1602 2335 1724 2374; x_wconf 90' lang='lat' dir='ltr'>quens</span> <span class='ocrx_word' id='word_1_386' title='bbox 1741 2323 1870 2361; x_wconf 91' lang='lat' dir='ltr'>illum·</span> <span class='ocrx_word' id='word_1_387' title='bbox 1910 2325 1963 2363; x_wconf 88' lang='lat' dir='ltr'>Et</span> 
     </span>
     <span class='ocr_line' id='line_1_116' title="bbox 1603 2386 1974 2426; baseline 0.005 -2"><span class='ocrx_word' id='word_1_388' title='bbox 1603 2386 1774 2424; x_wconf 91' lang='lat' dir='ltr'>introiuit</span> <span class='ocrx_word' id='word_1_389' title='bbox 1793 2387 1832 2424; x_wconf 90' lang='lat' dir='ltr'>in</span> <span class='ocrx_word' id='word_1_390' title='bbox 1852 2399 1974 2426; x_wconf 90' lang='lat' dir='ltr'>monu</span> 
     </span>
     <span class='ocr_line' id='line_1_117' title="bbox 1602 2449 1962 2487; baseline 0.003 -1"><span class='ocrx_word' id='word_1_391' title='bbox 1602 2455 1778 2486; x_wconf 89' lang='lat' dir='ltr'>mentum</span> <span class='ocrx_word' id='word_1_392' title='bbox 1799 2469 1808 2479; x_wconf 91' lang='lat'><strong>·</strong></span> <span class='ocrx_word' id='word_1_393' title='bbox 1846 2449 1900 2487; x_wconf 93' lang='lat' dir='ltr'>Ut</span> <span class='ocrx_word' id='word_1_394' title='bbox 1922 2450 1962 2487; x_wconf 94' lang='lat' dir='ltr'>ui</span> 
     </span>
     <span class='ocr_line' id='line_1_118' title="bbox 1603 2511 1996 2563; baseline 0.003 -13"><span class='ocrx_word' id='word_1_395' title='bbox 1603 2512 1659 2550; x_wconf 91' lang='lat' dir='ltr'>dit</span> <span class='ocrx_word' id='word_1_396' title='bbox 1677 2511 1890 2550; x_wconf 89' lang='lat' dir='ltr'>lintiamina</span> <span class='ocrx_word' id='word_1_397' title='bbox 1909 2513 1996 2563; x_wconf 84' lang='lat' dir='ltr'>posi</span> 
     </span>
     <span class='ocr_line' id='line_1_119' title="bbox 1601 2574 1945 2613; baseline 0.003 -1"><span class='ocrx_word' id='word_1_398' title='bbox 1601 2580 1642 2613; x_wconf 91' lang='lat' dir='ltr'>ta</span> <span class='ocrx_word' id='word_1_399' title='bbox 1666 2574 1730 2612; x_wconf 78' lang='lat' dir='ltr'>“et</span> <span class='ocrx_word' id='word_1_400' title='bbox 1750 2575 1945 2613; x_wconf 90' lang='lat' dir='ltr'>sudarium</span> 
     </span>
     <span class='ocr_line' id='line_1_120' title="bbox 1603 2636 1987 2688; baseline 0.005 -13"><span class='ocrx_word' id='word_1_401' title='bbox 1603 2637 1710 2688; x_wconf 92' lang='lat' dir='ltr'>quod</span> <span class='ocrx_word' id='word_1_402' title='bbox 1730 2636 1852 2676; x_wconf 87' lang='lat' dir='ltr'>fuerat</span> <span class='ocrx_word' id='word_1_403' title='bbox 1871 2650 1987 2688; x_wconf 92' lang='lat' dir='ltr'>super</span> 
     </span>
     <span class='ocr_line' id='line_1_121' title="bbox 1601 2700 2007 2750; baseline 0.002 -12"><span class='ocrx_word' id='word_1_404' title='bbox 1601 2700 1729 2750; x_wconf 88' lang='lat' dir='ltr'>capud</span> <span class='ocrx_word' id='word_1_405' title='bbox 1749 2700 1869 2750; x_wconf 90' lang='lat' dir='ltr'>ipsius</span> <span class='ocrx_word' id='word_1_406' title='bbox 1924 2713 2007 2739; x_wconf 93' lang='lat' dir='ltr'>non</span> 
     </span>
     <span class='ocr_line' id='line_1_122' title="bbox 1600 2763 1984 2803; baseline 0.003 -1"><span class='ocrx_word' id='word_1_407' title='bbox 1600 2775 1690 2802; x_wconf 90' lang='lat' dir='ltr'>cum</span> <span class='ocrx_word' id='word_1_408' title='bbox 1710 2763 1984 2803; x_wconf 89' lang='lat' dir='ltr'>lintiaminibus</span> 
     </span>
     <span class='ocr_line' id='line_1_123' title="bbox 1599 2826 1976 2876; baseline 0.003 -13"><span class='ocrx_word' id='word_1_409' title='bbox 1599 2826 1771 2876; x_wconf 90' lang='lat' dir='ltr'>positum</span> <span class='ocrx_word' id='word_1_410' title='bbox 1827 2826 1897 2864; x_wconf 92' lang='lat' dir='ltr'>sed</span> <span class='ocrx_word' id='word_1_411' title='bbox 1917 2827 1976 2864; x_wconf 92' lang='lat' dir='ltr'>sin</span> 
     </span>
     <span class='ocr_line' id='line_1_124' title="bbox 1599 2887 1972 2938; baseline 0.003 -12"><span class='ocrx_word' id='word_1_412' title='bbox 1599 2888 1780 2938; x_wconf 87' lang='lat' dir='ltr'>gulariter</span> <span class='ocrx_word' id='word_1_413' title='bbox 1798 2887 1972 2927; x_wconf 66' lang='lat' dir='ltr'>inuoluti-1</span> 
     </span>
    </p>
   </div>
   <div class='ocr_carea' id='block_1_19' title="bbox 2222 218 2571 263">
    <p class='ocr_par' dir='ltr' id='par_1_25' title="bbox 2222 218 2571 263">
     <span class='ocr_line' id='line_1_125' title="bbox 2222 218 2571 263; baseline 0.006 -11"><span class='ocrx_word' id='word_1_414' title='bbox 2222 218 2332 260; x_wconf 85' lang='lat' dir='ltr'><strong>[XIX.</strong></span> <span class='ocrx_word' id='word_1_415' title='bbox 2351 221 2499 262; x_wconf 57' lang='grc' dir='ltr'>,πμ-ΚΧ.</span> <span class='ocrx_word' id='word_1_416' title='bbox 2518 229 2531 253; x_wconf 94' lang='lat'>1</span> <span class='ocrx_word' id='word_1_417' title='bbox 2540 229 2571 263; x_wconf 88' lang='lat'>5.</span> 
     </span>
    </p>
   </div>
   <div class='ocr_carea' id='block_1_20' title="bbox 2098 412 2571 1647">
    <p class='ocr_par' dir='ltr' id='par_1_26' title="bbox 2098 412 2450 452">
     <span class='ocr_line' id='line_1_126' title="bbox 2098 412 2450 452; baseline 0.006 -2"><span class='ocrx_word' id='word_1_418' title='bbox 2098 412 2138 450; x_wconf 92' lang='lat' dir='ltr'>in</span> <span class='ocrx_word' id='word_1_419' title='bbox 2156 424 2278 450; x_wconf 89' lang='lat' dir='ltr'>unum</span> <span class='ocrx_word' id='word_1_420' title='bbox 2295 412 2427 452; x_wconf 91' lang='lat' dir='ltr'>locum</span> <span class='ocrx_word' id='word_1_421' title='bbox 2440 434 2450 444; x_wconf 92' lang='lat'><strong>·</strong></span> 
     </span>
    </p>

    <p class='ocr_par' dir='ltr' id='par_1_27' title="bbox 2099 475 2490 652">
     <span class='ocr_line' id='line_1_127' title="bbox 2099 475 2490 527; baseline 0.003 -13"><span class='ocrx_word' id='word_1_422' title='bbox 2099 476 2113 497; x_wconf 76' lang='lat'>⁸</span> <span class='ocrx_word' id='word_1_423' title='bbox 2126 475 2242 515; x_wconf 91' lang='lat' dir='ltr'>Tunc</span> <span class='ocrx_word' id='word_1_424' title='bbox 2261 489 2356 527; x_wconf 88' lang='lat' dir='ltr'>ergo</span> <span class='ocrx_word' id='word_1_425' title='bbox 2376 477 2490 516; x_wconf 93' lang='lat' dir='ltr'>introi</span> 
     </span>
     <span class='ocr_line' id='line_1_128' title="bbox 2099 539 2445 579; baseline 0.003 -2"><span class='ocrx_word' id='word_1_426' title='bbox 2099 539 2156 577; x_wconf 89' lang='lat' dir='ltr'>uit</span> <span class='ocrx_word' id='word_1_427' title='bbox 2175 545 2213 577; x_wconf 90' lang='lat' dir='ltr'>et</span> <span class='ocrx_word' id='word_1_428' title='bbox 2232 539 2328 577; x_wconf 89' lang='lat' dir='ltr'>alius</span> <span class='ocrx_word' id='word_1_429' title='bbox 2349 539 2445 579; x_wconf 91' lang='lat' dir='ltr'>disci</span> 
     </span>
     <span class='ocr_line' id='line_1_129' title="bbox 2100 601 2418 652; baseline 0.009 -13"><span class='ocrx_word' id='word_1_430' title='bbox 2100 601 2214 652; x_wconf 91' lang='lat' dir='ltr'>pulus</span> <span class='ocrx_word' id='word_1_431' title='bbox 2233 603 2298 652; x_wconf 92' lang='lat' dir='ltr'>qui</span> <span class='ocrx_word' id='word_1_432' title='bbox 2317 614 2418 642; x_wconf 89' lang='lat' dir='ltr'>uene</span> 
     </span>
    </p>

    <p class='ocr_par' dir='ltr' id='par_1_28' title="bbox 2099 665 2496 1092">
     <span class='ocr_line' id='line_1_130' title="bbox 2100 665 2485 714; baseline 0.005 -12"><span class='ocrx_word' id='word_1_433' title='bbox 2100 670 2157 702; x_wconf 88' lang='lat' dir='ltr'>rat</span> <span class='ocrx_word' id='word_1_434' title='bbox 2176 665 2282 714; x_wconf 92' lang='lat' dir='ltr'>prior</span> <span class='ocrx_word' id='word_1_435' title='bbox 2301 665 2351 703; x_wconf 87' lang='lat' dir='ltr'>ad</span> <span class='ocrx_word' id='word_1_436' title='bbox 2369 673 2485 704; x_wconf 90' lang='lat' dir='ltr'>m⁰nu</span> 
     </span>
     <span class='ocr_line' id='line_1_131' title="bbox 2099 718 2496 768; baseline 0.008 -4"><span class='ocrx_word' id='word_1_437' title='bbox 2099 734 2276 765; x_wconf 90' lang='lat' dir='ltr'>mentum</span> <span class='ocrx_word' id='word_1_438' title='bbox 2292 748 2301 758; x_wconf 90' lang='lat'><strong>·</strong></span> <span class='ocrx_word' id='word_1_439' title='bbox 2342 718 2390 767; x_wconf 58' lang='lat' dir='ltr'>et„</span> <span class='ocrx_word' id='word_1_440' title='bbox 2399 729 2496 768; x_wconf 90' lang='lat' dir='ltr'>uidit</span> 
     </span>
     <span class='ocr_line' id='line_1_132' title="bbox 2100 790 2489 830; baseline 0.008 -3"><span class='ocrx_word' id='word_1_441' title='bbox 2100 795 2138 828; x_wconf 90' lang='lat' dir='ltr'>et</span> <span class='ocrx_word' id='word_1_442' title='bbox 2157 790 2319 829; x_wconf 90' lang='lat' dir='ltr'>credidit</span> <span class='ocrx_word' id='word_1_443' title='bbox 2332 811 2341 821; x_wconf 90' lang='lat'><strong>·</strong></span> <span class='ocrx_word' id='word_1_444' title='bbox 2380 792 2394 813; x_wconf 83' lang='lat'><strong>⁹</strong></span> <span class='ocrx_word' id='word_1_445' title='bbox 2406 803 2489 830; x_wconf 92' lang='lat' dir='ltr'>non</span> 
     </span>
     <span class='ocr_line' id='line_1_133' title="bbox 2101 851 2485 893; baseline 0.005 -3"><span class='ocrx_word' id='word_1_446' title='bbox 2101 851 2195 890; x_wconf 91' lang='lat' dir='ltr'>dum</span> <span class='ocrx_word' id='word_1_447' title='bbox 2214 853 2319 891; x_wconf 91' lang='lat' dir='ltr'>enim</span> <span class='ocrx_word' id='word_1_448' title='bbox 2339 854 2485 893; x_wconf 88' lang='lat' dir='ltr'>sciebat</span> 
     </span>
     <span class='ocr_line' id='line_1_134' title="bbox 2099 915 2455 966; baseline 0.008 -14"><span class='ocrx_word' id='word_1_449' title='bbox 2099 915 2328 965; x_wconf 89' lang='lat' dir='ltr'>scripturam</span> <span class='ocrx_word' id='word_1_450' title='bbox 2348 917 2455 966; x_wconf 93' lang='lat' dir='ltr'>quod</span> 
     </span>
     <span class='ocr_line' id='line_1_135' title="bbox 2100 979 2422 1028; baseline 0.009 -13"><span class='ocrx_word' id='word_1_451' title='bbox 2100 984 2254 1028; x_wconf 91' lang='lat' dir='ltr'>oportet</span> <span class='ocrx_word' id='word_1_452' title='bbox 2273 979 2380 1017; x_wconf 91' lang='lat' dir='ltr'>illum</span> <span class='ocrx_word' id='word_1_453' title='bbox 2399 992 2422 1018; x_wconf 89' lang='lat' dir='ltr'>a</span> 
     </span>
     <span class='ocr_line' id='line_1_136' title="bbox 2101 1041 2441 1092; baseline 0.009 -14"><span class='ocrx_word' id='word_1_454' title='bbox 2101 1041 2263 1079; x_wconf 89' lang='lat' dir='ltr'>mortuis</span> <span class='ocrx_word' id='word_1_455' title='bbox 2282 1053 2441 1092; x_wconf 88' lang='lat' dir='ltr'>resurge</span> 
     </span>
    </p>

    <p class='ocr_par' dir='ltr' id='par_1_29' title="bbox 2100 1103 2571 1647">
     <span class='ocr_line' id='line_1_137' title="bbox 2100 1103 2430 1143; baseline 0.006 -2"><span class='ocrx_word' id='word_1_456' title='bbox 2100 1115 2142 1141; x_wconf 90' lang='lat' dir='ltr'>re</span> <span class='ocrx_word' id='word_1_457' title='bbox 2159 1123 2167 1133; x_wconf 93' lang='lat'><strong>·</strong></span> <span class='ocrx_word' id='word_1_458' title='bbox 2199 1103 2227 1124; x_wconf 80' lang='lat'>¹⁰</span> <span class='ocrx_word' id='word_1_459' title='bbox 2238 1104 2430 1143; x_wconf 89' lang='lat' dir='ltr'>Abierunt</span> 
     </span>
     <span class='ocr_line' id='line_1_138' title="bbox 2100 1166 2478 1218; baseline 0.011 -15"><span class='ocrx_word' id='word_1_460' title='bbox 2100 1177 2195 1216; x_wconf 87' lang='lat' dir='ltr'>ergo</span> <span class='ocrx_word' id='word_1_461' title='bbox 2214 1166 2352 1205; x_wconf 86' lang='lat' dir='ltr'>iterum</span> <span class='ocrx_word' id='word_1_462' title='bbox 2372 1167 2478 1218; x_wconf 88' lang='lat' dir='ltr'>apud</span> 
     </span>
     <span class='ocr_line' id='line_1_139' title="bbox 2101 1229 2571 1279; baseline 0.006 -12"><span class='ocrx_word' id='word_1_463' title='bbox 2101 1240 2143 1267; x_wconf 90' lang='lat' dir='ltr'>se</span> <span class='ocrx_word' id='word_1_464' title='bbox 2163 1229 2339 1279; x_wconf 91' lang='lat' dir='ltr'>discipuli</span> <span class='ocrx_word' id='word_1_465' title='bbox 2355 1250 2364 1260; x_wconf 89' lang='lat'><strong>·</strong></span> <span class='ocrx_word' id='word_1_466' title='bbox 2407 1229 2435 1252; x_wconf 83' lang='lat'>¹¹</span> <span class='ocrx_word' id='word_1_467' title='bbox 2448 1231 2571 1271; x_wconf 88' lang='lat' dir='ltr'>maria</span> 
     </span>
     <span class='ocr_line' id='line_1_140' title="bbox 2101 1292 2444 1332; baseline 0.009 -3"><span class='ocrx_word' id='word_1_468' title='bbox 2101 1298 2231 1329; x_wconf 90' lang='lat' dir='ltr'>autem</span> <span class='ocrx_word' id='word_1_469' title='bbox 2251 1292 2375 1331; x_wconf 88' lang='lat' dir='ltr'>stabat</span> <span class='ocrx_word' id='word_1_470' title='bbox 2393 1293 2444 1332; x_wconf 89' lang='lat' dir='ltr'>ad</span> 
     </span>
     <span class='ocr_line' id='line_1_141' title="bbox 2102 1362 2403 1394; baseline 0.01 -3"><span class='ocrx_word' id='word_1_471' title='bbox 2102 1362 2403 1394; x_wconf 91' lang='lat' dir='ltr'>monumentum</span> 
     </span>
     <span class='ocr_line' id='line_1_142' title="bbox 2102 1416 2502 1467; baseline 0.01 -13"><span class='ocrx_word' id='word_1_472' title='bbox 2102 1416 2262 1466; x_wconf 87' lang='lat' dir='ltr'>plorans</span> <span class='ocrx_word' id='word_1_473' title='bbox 2281 1417 2375 1456; x_wconf 88' lang='lat' dir='ltr'>foris</span> <span class='ocrx_word' id='word_1_474' title='bbox 2394 1424 2433 1457; x_wconf 92' lang='lat' dir='ltr'>et</span> <span class='ocrx_word' id='word_1_475' title='bbox 2498 1462 2502 1467; x_wconf 93' lang='lat'>.</span> 
     </span>
     <span class='ocr_line' id='line_1_143' title="bbox 2103 1479 2415 1520; baseline 0.01 -3"><span class='ocrx_word' id='word_1_476' title='bbox 2103 1479 2197 1517; x_wconf 91' lang='lat' dir='ltr'>dum</span> <span class='ocrx_word' id='word_1_477' title='bbox 2216 1480 2390 1520; x_wconf 89' lang='lat' dir='ltr'>lacrimat</span> <span class='ocrx_word' id='word_1_478' title='bbox 2405 1502 2415 1511; x_wconf 91' lang='lat'><strong>·</strong></span> 
     </span>
     <span class='ocr_line' id='line_1_144' title="bbox 2104 1544 2508 1593; baseline 0.01 -13"><span class='ocrx_word' id='word_1_479' title='bbox 2104 1544 2304 1593; x_wconf 83' lang='lat' dir='ltr'>prospexit</span> <span class='ocrx_word' id='word_1_480' title='bbox 2323 1544 2364 1581; x_wconf 92' lang='lat' dir='ltr'>in</span> <span class='ocrx_word' id='word_1_481' title='bbox 2384 1556 2508 1584; x_wconf 89' lang='lat' dir='ltr'>monu</span> 
     </span>
     <span class='ocr_line' id='line_1_145' title="bbox 2103 1605 2501 1647; baseline 0.01 -4"><span class='ocrx_word' id='word_1_482' title='bbox 2103 1613 2279 1644; x_wconf 89' lang='lat' dir='ltr'>mentum</span> <span class='ocrx_word' id='word_1_483' title='bbox 2308 1605 2337 1628; x_wconf 82' lang='lat'>¹²</span> <span class='ocrx_word' id='word_1_484' title='bbox 2347 1614 2386 1646; x_wconf 93' lang='lat' dir='ltr'>et</span> <span class='ocrx_word' id='word_1_485' title='bbox 2403 1608 2501 1647; x_wconf 90' lang='lat' dir='ltr'>uidit</span> 
     </span>
    </p>
   </div>
   <div class='ocr_carea' id='block_1_21' title="bbox 2102 1693 2559 2929">
    <p class='ocr_par' dir='ltr' id='par_1_30' title="bbox 2103 1693 2559 2488">
     <span class='ocr_line' id='line_1_146' title="bbox 2104 1693 2500 1744; baseline 0.008 -13"><span class='ocrx_word' id='word_1_486' title='bbox 2104 1693 2205 1732; x_wconf 92' lang='lat' dir='ltr'>duos</span> <span class='ocrx_word' id='word_1_487' title='bbox 2224 1695 2385 1744; x_wconf 89' lang='lat' dir='ltr'>angelos</span> <span class='ocrx_word' id='word_1_488' title='bbox 2403 1695 2444 1733; x_wconf 90' lang='lat' dir='ltr'>in</span> <span class='ocrx_word' id='word_1_489' title='bbox 2463 1695 2500 1734; x_wconf 86' lang='lat' dir='ltr'>al</span> 
     </span>
     <span class='ocr_line' id='line_1_147' title="bbox 2103 1757 2511 1797; baseline 0.007 -3"><span class='ocrx_word' id='word_1_490' title='bbox 2103 1757 2163 1795; x_wconf 93' lang='lat' dir='ltr'>bis</span> <span class='ocrx_word' id='word_1_491' title='bbox 2183 1757 2361 1796; x_wconf 90' lang='lat' dir='ltr'>sedentes</span> <span class='ocrx_word' id='word_1_492' title='bbox 2377 1778 2386 1787; x_wconf 91' lang='lat'><strong>·</strong></span> <span class='ocrx_word' id='word_1_493' title='bbox 2429 1762 2511 1797; x_wconf 72' lang='lat' dir='ltr'>unfi</span> 
     </span>
     <span class='ocr_line' id='line_1_148' title="bbox 2103 1820 2518 1870; baseline 0.007 -13"><span class='ocrx_word' id='word_1_494' title='bbox 2103 1820 2154 1858; x_wconf 89' lang='lat' dir='ltr'>ad</span> <span class='ocrx_word' id='word_1_495' title='bbox 2174 1821 2302 1870; x_wconf 89' lang='lat' dir='ltr'>capud</span> <span class='ocrx_word' id='word_1_496' title='bbox 2342 1827 2380 1860; x_wconf 91' lang='lat' dir='ltr'>et</span> <span class='ocrx_word' id='word_1_497' title='bbox 2399 1821 2518 1860; x_wconf 82' lang='lat' dir='ltr'>alium</span> 
     </span>
     <span class='ocr_line' id='line_1_149' title="bbox 2103 1882 2488 1934; baseline 0.005 -14"><span class='ocrx_word' id='word_1_498' title='bbox 2103 1882 2154 1920; x_wconf 91' lang='lat' dir='ltr'>ad</span> <span class='ocrx_word' id='word_1_499' title='bbox 2175 1883 2296 1932; x_wconf 91' lang='lat' dir='ltr'>pedes</span> <span class='ocrx_word' id='word_1_500' title='bbox 2315 1884 2382 1922; x_wconf 93' lang='lat' dir='ltr'>ubi</span> <span class='ocrx_word' id='word_1_501' title='bbox 2401 1885 2488 1934; x_wconf 93' lang='lat' dir='ltr'>posi</span> 
     </span>
     <span class='ocr_line' id='line_1_150' title="bbox 2104 1945 2490 1998; baseline 0.01 -16"><span class='ocrx_word' id='word_1_502' title='bbox 2104 1951 2187 1983; x_wconf 90' lang='lat' dir='ltr'>tum</span> <span class='ocrx_word' id='word_1_503' title='bbox 2205 1945 2329 1985; x_wconf 89' lang='lat' dir='ltr'>fuerat</span> <span class='ocrx_word' id='word_1_504' title='bbox 2348 1959 2490 1998; x_wconf 93' lang='lat' dir='ltr'>corpus</span> 
     </span>
     <span class='ocr_line' id='line_1_151' title="bbox 2105 2007 2553 2049; baseline 0.009 -4"><span class='ocrx_word' id='word_1_505' title='bbox 2105 2008 2171 2046; x_wconf 83' lang='lat' dir='ltr'>ihu</span> <span class='ocrx_word' id='word_1_506' title='bbox 2184 2029 2193 2038; x_wconf 90' lang='lat'><strong>·</strong></span> <span class='ocrx_word' id='word_1_507' title='bbox 2223 2007 2251 2030; x_wconf 79' lang='lat'>¹⁸</span> <span class='ocrx_word' id='word_1_508' title='bbox 2266 2016 2304 2048; x_wconf 91' lang='lat' dir='ltr'>et</span> <span class='ocrx_word' id='word_1_509' title='bbox 2324 2010 2458 2049; x_wconf 92' lang='lat' dir='ltr'>dicunt</span> <span class='ocrx_word' id='word_1_510' title='bbox 2477 2011 2553 2049; x_wconf 88' lang='lat' dir='ltr'>illi·</span> 
     </span>
     <span class='ocr_line' id='line_1_152' title="bbox 2104 2071 2525 2123; baseline 0.01 -15"><span class='ocrx_word' id='word_1_511' title='bbox 2104 2071 2241 2110; x_wconf 87' lang='lat' dir='ltr'>mulier</span> <span class='ocrx_word' id='word_1_512' title='bbox 2260 2073 2352 2122; x_wconf 80' lang='lat' dir='ltr'>quid</span> <span class='ocrx_word' id='word_1_513' title='bbox 2371 2073 2500 2123; x_wconf 87' lang='lat' dir='ltr'>ploras</span> <span class='ocrx_word' id='word_1_514' title='bbox 2515 2094 2525 2104; x_wconf 90' lang='lat'><strong>·</strong></span> 
     </span>
     <span class='ocr_line' id='line_1_153' title="bbox 2106 2135 2559 2187; baseline 0.011 -16"><span class='ocrx_word' id='word_1_515' title='bbox 2106 2146 2205 2184; x_wconf 91' lang='lat' dir='ltr'>quae</span> <span class='ocrx_word' id='word_1_516' title='bbox 2226 2135 2322 2174; x_wconf 86' lang='lat' dir='ltr'>dixit</span> <span class='ocrx_word' id='word_1_517' title='bbox 2377 2140 2473 2187; x_wconf 66' lang='lat' dir='ltr'>qum</span> <span class='ocrx_word' id='word_1_518' title='bbox 2493 2148 2559 2176; x_wconf 91' lang='lat' dir='ltr'>sus</span> 
     </span>
     <span class='ocr_line' id='line_1_154' title="bbox 2105 2197 2521 2237; baseline 0.007 -3"><span class='ocrx_word' id='word_1_519' title='bbox 2105 2197 2273 2236; x_wconf 90' lang='lat' dir='ltr'>tulerunt</span> <span class='ocrx_word' id='word_1_520' title='bbox 2293 2198 2388 2236; x_wconf 80' lang='lat' dir='ltr'>dfim</span> <span class='ocrx_word' id='word_1_521' title='bbox 2406 2203 2498 2237; x_wconf 67' lang='lat' dir='ltr'>mei-1</span> <span class='ocrx_word' id='word_1_522' title='bbox 2512 2219 2521 2230; x_wconf 86' lang='lat'><strong>·</strong></span> 
     </span>
     <span class='ocr_line' id='line_1_155' title="bbox 2105 2261 2498 2300; baseline 0.005 -2"><span class='ocrx_word' id='word_1_523' title='bbox 2105 2266 2143 2298; x_wconf 92' lang='lat' dir='ltr'>et</span> <span class='ocrx_word' id='word_1_524' title='bbox 2162 2261 2295 2299; x_wconf 93' lang='lat' dir='ltr'>nescio</span> <span class='ocrx_word' id='word_1_525' title='bbox 2314 2262 2380 2298; x_wconf 92' lang='lat' dir='ltr'>ubi</span> <span class='ocrx_word' id='word_1_526' title='bbox 2400 2261 2498 2300; x_wconf 71' lang='lat' dir='ltr'>illu-</span> 
     </span>
     <span class='ocr_line' id='line_1_156' title="bbox 2104 2322 2534 2372; baseline 0.009 -12"><span class='ocrx_word' id='word_1_527' title='bbox 2104 2329 2318 2372; x_wconf 90' lang='lat' dir='ltr'>posuerunt</span> <span class='ocrx_word' id='word_1_528' title='bbox 2330 2344 2339 2354; x_wconf 92' lang='lat'><strong>·</strong></span> <span class='ocrx_word' id='word_1_529' title='bbox 2380 2322 2409 2345; x_wconf 83' lang='lat'>¹⁴</span> <span class='ocrx_word' id='word_1_530' title='bbox 2421 2324 2534 2364; x_wconf 87' lang='lat' dir='ltr'>Haec</span> 
     </span>
     <span class='ocr_line' id='line_1_157' title="bbox 2106 2386 2469 2426; baseline 0.011 -4"><span class='ocrx_word' id='word_1_531' title='bbox 2106 2397 2195 2423; x_wconf 89' lang='lat' dir='ltr'>curn</span> <span class='ocrx_word' id='word_1_532' title='bbox 2216 2386 2374 2425; x_wconf 88' lang='lat' dir='ltr'>dixisset</span> <span class='ocrx_word' id='word_1_533' title='bbox 2393 2399 2469 2426; x_wconf 92' lang='lat' dir='ltr'>con</span> 
     </span>
     <span class='ocr_line' id='line_1_158' title="bbox 2105 2454 2462 2488; baseline 0.014 -4"><span class='ocrx_word' id='word_1_534' title='bbox 2105 2459 2218 2486; x_wconf 88' lang='lat' dir='ltr'>uersa</span> <span class='ocrx_word' id='word_1_535' title='bbox 2236 2454 2295 2486; x_wconf 92' lang='lat' dir='ltr'>est</span> <span class='ocrx_word' id='word_1_536' title='bbox 2309 2456 2412 2488; x_wconf 89' lang='lat' dir='ltr'>retro</span> <span class='ocrx_word' id='word_1_537' title='bbox 2426 2471 2436 2480; x_wconf 90' lang='lat'><strong>·</strong></span> <span class='ocrx_word' id='word_1_538' title='bbox 2453 2470 2462 2480; x_wconf 89' lang='lat'>-</span> 
     </span>
    </p>

    <p class='ocr_par' dir='ltr' id='par_1_31' title="bbox 2102 2511 2558 2929">
     <span class='ocr_line' id='line_1_159' title="bbox 2106 2511 2558 2552; baseline 0.011 -4"><span class='ocrx_word' id='word_1_539' title='bbox 2106 2516 2143 2548; x_wconf 91' lang='lat' dir='ltr'>et</span> <span class='ocrx_word' id='word_1_540' title='bbox 2162 2511 2256 2549; x_wconf 91' lang='lat' dir='ltr'>uidit</span> <span class='ocrx_word' id='word_1_541' title='bbox 2274 2511 2356 2550; x_wconf 81' lang='lat' dir='ltr'>ihm</span> <span class='ocrx_word' id='word_1_542' title='bbox 2375 2519 2533 2552; x_wconf 66' lang='lat' dir='ltr'>stante*</span> <span class='ocrx_word' id='word_1_543' title='bbox 2548 2535 2558 2545; x_wconf 90' lang='lat'><strong>·</strong></span> 
     </span>
     <span class='ocr_line' id='line_1_160' title="bbox 2106 2575 2488 2626; baseline 0.01 -15"><span class='ocrx_word' id='word_1_544' title='bbox 2106 2580 2144 2612; x_wconf 89' lang='lat' dir='ltr'>et</span> <span class='ocrx_word' id='word_1_545' title='bbox 2163 2575 2361 2613; x_wconf 87' lang='lat' dir='ltr'>nesciebat</span> <span class='ocrx_word' id='word_1_546' title='bbox 2379 2576 2488 2626; x_wconf 94' lang='lat' dir='ltr'>quod</span> 
     </span>
     <span class='ocr_line' id='line_1_161' title="bbox 2106 2636 2532 2679; baseline 0.012 -5"><span class='ocrx_word' id='word_1_547' title='bbox 2106 2636 2166 2675; x_wconf 83' lang='lat' dir='ltr'>ihs</span> <span class='ocrx_word' id='word_1_548' title='bbox 2186 2643 2287 2675; x_wconf 87' lang='lat' dir='ltr'>esset</span> <span class='ocrx_word' id='word_1_549' title='bbox 2302 2659 2311 2668; x_wconf 91' lang='lat'><strong>·</strong></span> <span class='ocrx_word' id='word_1_550' title='bbox 2352 2637 2382 2660; x_wconf 78' lang='lat'>¹⁵</span> <span class='ocrx_word' id='word_1_551' title='bbox 2396 2639 2488 2678; x_wconf 89' lang='lat' dir='ltr'>dicit</span> <span class='ocrx_word' id='word_1_552' title='bbox 2506 2639 2532 2679; x_wconf 90' lang='lat' dir='ltr'>il</span> 
     </span>
     <span class='ocr_line' id='line_1_162' title="bbox 2105 2699 2514 2752; baseline 0.007 -15"><span class='ocrx_word' id='word_1_553' title='bbox 2105 2699 2131 2737; x_wconf 93' lang='lat' dir='ltr'>li</span> <span class='ocrx_word' id='word_1_554' title='bbox 2150 2699 2210 2738; x_wconf 83' lang='lat' dir='ltr'>ihs</span> <span class='ocrx_word' id='word_1_555' title='bbox 2265 2701 2400 2739; x_wconf 92' lang='lat' dir='ltr'>mulier</span> <span class='ocrx_word' id='word_1_556' title='bbox 2419 2701 2514 2752; x_wconf 92' lang='lat' dir='ltr'>quid</span> 
     </span>
     <span class='ocr_line' id='line_1_163' title="bbox 2103 2762 2501 2816; baseline 0.008 -16"><span class='ocrx_word' id='word_1_557' title='bbox 2103 2762 2233 2813; x_wconf 90' lang='lat' dir='ltr'>ploras</span> <span class='ocrx_word' id='word_1_558' title='bbox 2248 2784 2257 2793; x_wconf 88' lang='lat'><strong>·</strong></span> <span class='ocrx_word' id='word_1_559' title='bbox 2287 2776 2405 2814; x_wconf 89' lang='lat' dir='ltr'>quem</span> <span class='ocrx_word' id='word_1_560' title='bbox 2424 2777 2501 2816; x_wconf 89' lang='lat' dir='ltr'>que</span> 
     </span>
     <span class='ocr_line' id='line_1_164' title="bbox 2103 2826 2548 2877; baseline 0.009 -14"><span class='ocrx_word' id='word_1_561' title='bbox 2103 2826 2155 2864; x_wconf 91' lang='lat' dir='ltr'>ris</span> <span class='ocrx_word' id='word_1_562' title='bbox 2170 2847 2180 2856; x_wconf 90' lang='lat'><strong>·</strong></span> <span class='ocrx_word' id='word_1_563' title='bbox 2221 2826 2284 2865; x_wconf 90' lang='lat' dir='ltr'>illa</span> <span class='ocrx_word' id='word_1_564' title='bbox 2302 2834 2446 2877; x_wconf 89' lang='lat' dir='ltr'>putans</span> <span class='ocrx_word' id='word_1_565' title='bbox 2465 2835 2548 2866; x_wconf 75' lang='lat' dir='ltr'>eu-</span> 
     </span>
     <span class='ocr_line' id='line_1_165' title="bbox 2102 2887 2454 2929; baseline 0.006 -2"><span class='ocrx_word' id='word_1_566' title='bbox 2102 2887 2348 2927; x_wconf 81' lang='lat' dir='ltr'>hortulanum</span> <span class='ocrx_word' id='word_1_567' title='bbox 2367 2902 2454 2929; x_wconf 89' lang='lat' dir='ltr'>esse</span> 
     </span>
    </p>
   </div>
   <div class='ocr_carea' id='block_1_22' title="bbox 2583 414 2767 448">
    <p class='ocr_par' dir='ltr' id='par_1_32' title="bbox 2583 414 2767 448">
     <span class='ocr_line' id='line_1_166' title="bbox 2583 414 2767 448; baseline 0.011 -2"><span class='ocrx_word' id='word_1_568' title='bbox 2583 416 2665 448; x_wconf 72' lang='lat'><strong>1¹01.</strong></span> <span class='ocrx_word' id='word_1_569' title='bbox 2680 414 2767 448; x_wconf 78' lang='lat'>240.</span> 
     </span>
    </p>
   </div>
   <div class='ocr_carea' id='block_1_23' title="bbox 2798 0 2872 1090">
    <p class='ocr_par' dir='ltr' id='par_1_33' title="bbox 2798 0 2872 1090">
     <span class='ocr_line' id='line_1_167' title="bbox 2798 0 2872 1090; baseline 0 0"><span class='ocrx_word' id='word_1_570' title='bbox 2798 0 2872 1090; x_wconf 95' lang='lat' dir='ltr'> </span> 
     </span>
    </p>
   </div>
  </div>
 </body>
</html>
