2872 3268
300 183 524 224 V1.56-v11.
544 181 614 223 28.]

91 295 268 332 1¹01.172.
300 292 520 331 uestimenti
541 292 622 331 eius

299 361 501 405 tangerent
517 376 526 385 ·
571 361 609 393 et
629 354 728 405 qu0d

298 417 407 468 quod
426 418 636 468 tangebant
654 417 710 456 sal

335 480 440 517 „nui
460 480 603 518 fiebant
619 497 673 512 m

257 540 280 566 *
298 546 336 582 ’1.
357 542 368 563 ¹
381 541 433 581 Et
452 543 688 581 conueniunt

255 603 278 628 *
293 604 344 643 ad
362 617 453 643 eum
472 605 600 644 farisei

256 666 279 691 *
296 673 334 705 et
353 668 511 718 quidam
531 668 578 706 de
598 667 672 706 scri

255 729 279 753 *
297 730 355 768 bis
397 731 463 782 qui
482 731 689 769 ueniebant

295 793 346 831 ab
364 793 631 843 hierosolymis
644 814 652 824 ·

294 855 310 877 ²
323 855 403 903 Qui
423 868 514 895 cum
533 856 707 894 uiderent

295 918 488 968 quosdam
507 931 556 957 ex
576 919 673 957 disci

294 980 394 1031 pulis
413 981 493 1019 eius
533 993 692 1019 commu

294 1043 410 1082 nibus
428 1043 606 1082 manibus
622 1064 631 1074 ·

295 1104 343 1144 Id
357 1112 415 1144 est
427 1118 509 1144 non
523 1106 611 1144 lotis
625 1127 633 1136 ·
666 1118 760 1144 man

295 1167 435 1207 ducare
456 1180 600 1218 panem
639 1169 677 1207 ui

293 1237 568 1281 tuperauerunt
585 1252 594 1261 ·

293 1293 308 1315 ⁸
321 1293 351 1330 F
353 1294 464 1332 arisei
483 1294 588 1332 enim
609 1299 647 1332 et
667 1305 735 1332 om

293 1367 363 1394 nes
383 1356 484 1393 iudei
523 1355 596 1394 nisi
616 1368 668 1406 pu

292 1418 387 1468 gillo
406 1418 537 1457 lauent
555 1430 695 1457 manus

295 1493 378 1519 non
396 1481 634 1519 manducant
645 1501 654 1510 -

295 1542 493 1582 Tenentes
512 1543 663 1582 traditio

294 1642 390 1669 num
411 1631 608 1670 seniorum
622 1652 630 1662 ·

294 1693 370 1731 ⁴Et
390 1706 413 1731 a
433 1693 516 1732 foro
537 1706 627 1732 cum
646 1706 744 1732 uene

293 1756 368 1793 rint
410 1756 483 1794 nisi
502 1756 681 1806 baptizen

293 1824 354 1856 tur
373 1818 503 1856 cibum
523 1831 604 1856 non
623 1832 669 1857 ca

295 1880 406 1930 piunt
419 1901 427 1911 ·
467 1881 519 1919 Et
538 1881 612 1920 alia
631 1880 712 1918 mul

292 1948 332 1980 ta
352 1949 440 1981 sunt
460 1955 533 1994 que
553 1944 690 1982 tradita

292 2011 381 2043 sunt
399 2005 471 2044 illis
490 2018 643 2044 seruare
663 2026 672 2036 ·
685 2027 740 2034 -

291 2067 507 2117 baptismos
528 2068 649 2107 calici-1

290 2136 329 2168 et
347 2122 575 2168 ureaeorum
589 2151 598 2160 ·
638 2136 675 2169 et

292 2199 602 2231 aeramentorum

291 2261 329 2292 et
346 2254 534 2294 lectorum
547 2276 556 2285 ·

291 2316 306 2337 ¹⁵
316 2316 368 2355 Et
386 2317 675 2368 interrogabant
695 2322 743 2356 esi

291 2380 442 2418 scribae
461 2386 500 2418 et
520 2380 668 2419 farisaei
690 2401 698 2410 ·

291 2441 423 2489 Quare
442 2442 618 2493 discipuli
637 2443 692 2481 tui

290 2516 373 2542 non
392 2504 592 2543 ambulant
612 2517 653 2543 se

291 2566 462 2605 cundum
483 2567 636 2605 traditio

279 2640 383 2666 ‘nem
403 2629 598 2666 seniorum
615 2649 624 2659 ·

293 2689 370 2729 Sed
389 2691 661 2730 communibus

291 2753 472 2791 manibus
491 2753 638 2791 mandu

291 2822 382 2854 cant
400 2828 543 2866 panem
560 2837 568 2846 ·
599 2817 612 2837 ⁶
624 2816 676 2854 At
696 2816 756 2856 ille

289 2878 532 2929 respondens
551 2878 648 2917 dixit

1188 173 1390 214 MARC2
1411 194 1420 203 ·

781 277 1000 338 ¹Quoniam
1015 290 1114 329 bene
1135 302 1206 341 pro

799 354 929 392 fetauit
947 354 1071 392 esaias
1091 354 1140 392 de

799 416 912 455 uobis
931 416 1140 466 hypocritis

799 479 896 517 sicut
915 480 1099 517 scribtum
1118 485 1175 518 est
1189 499 1198 509 ·

798 571 808 588 ,
824 540 996 591 Populus
1015 541 1078 580 hic
1098 541 1208 580 labiis

797 633 808 651 ,
824 615 887 641 me
908 603 1075 642 honorat
1088 624 1096 633 ·
1126 615 1194 642 cor

796 693 806 712 ,
823 672 950 704 autem
969 678 1104 704 eorum
1122 665 1190 703 lon

797 757 807 775 ‚
823 741 871 778 ge
891 734 949 766 est
969 740 991 765 a
1010 741 1073 766 me
1087 749 1096 758 ·
1125 727 1234 766 ‘'sine

796 819 807 838 ‚
821 802 938 829 causa
957 797 1085 829 autem
1104 790 1235 829 colunt

797 884 806 900 ‚
823 865 885 891 me
900 874 909 883 ·
952 852 1135 892 docentes
1156 853 1230 892 doc

795 944 804 963 ‚
820 916 938 954 trinas
981 922 1162 966 precepta

794 1008 803 1025 ‚
819 978 1021 1017 hominum
1062 978 1140 1027 bap

794 1041 929 1079 tismos
949 1040 1110 1079 calicum

793 1110 830 1142 et
848 1115 1075 1141 ureaeorum
1089 1123 1097 1132 ·
1141 1109 1178 1141 et

795 1167 868 1205 alia
887 1165 1023 1203 similia
1043 1178 1142 1216 quae
1162 1165 1200 1204 fa

796 1230 879 1269 citis
899 1228 1086 1278 conplura
1102 1249 1111 1258 ·

794 1293 807 1312 ⁸
821 1291 1097 1341 Relinquentes
1112 1302 1204 1328 man

796 1354 929 1393 datum
949 1353 989 1391 di
1029 1359 1143 1392 tenen

795 1424 852 1455 tes
871 1417 1094 1456 traditiones
1113 1416 1165 1454 ho

795 1480 944 1517 minum
961 1500 969 1510 ·
987 1500 996 1509 ·
1016 1501 1023 1510 ·
1055 1479 1068 1500 ⁹
1080 1479 1132 1517 Et
1150 1479 1235 1517 dice

794 1542 861 1580 bat
880 1542 951 1580 illis
992 1543 1091 1581 bene
1111 1542 1182 1579 inri

794 1639 877 1668 tum
896 1629 1036 1669 fecistis
1056 1642 1124 1681 pre

794 1699 950 1742 ceptum
970 1693 1008 1730 di
1050 1699 1090 1731 ut
1114 1699 1171 1731 tra

793 1754 979 1793 ditionem
998 1759 1124 1793 uestra

793 1818 967 1856 statuatis
981 1839 990 1848 ·
1021 1817 1050 1839 ¹⁰
1062 1830 1216 1868 moyses

792 1880 896 1918 enim
920 1880 1013 1918 dixit
1033 1881 1182 1919 honora

792 1948 941 1992 patrem
961 1950 1068 1981 tuum
1084 1949 1122 1981 et

791 2011 956 2044 matrem
975 2012 1081 2043 tuam
1096 2026 1105 2036 ·

790 2066 841 2105 Et
861 2068 927 2118 qui
947 2068 1189 2106 maledixerit

789 2130 889 2180 patri
909 2136 974 2168 aut
993 2131 1105 2168 matri

791 2199 913 2231 morte
933 2194 1182 2231 moriatur—

791 2253 819 2275 ¹¹
832 2254 917 2293 Uos
936 2261 1064 2293 autem
1085 2255 1207 2295 dicitis

793 2318 824 2356 si
845 2318 997 2356 dixierit
1016 2318 1136 2357 homo

791 2381 889 2430 patri
909 2392 980 2419 suo
1000 2387 1064 2419 aut
1084 2393 1150 2419 ma

789 2443 835 2480 tri
854 2455 999 2481 coruan
1019 2443 1126 2494 quod

790 2512 847 2544 est
867 2506 1017 2544 donum
1034 2527 1043 2536 -
1088 2507 1195 2556 quod

791 2580 957 2619 cumque
977 2581 1025 2606 ex
1046 2581 1108 2606 me
1127 2569 1195 2606 tibi

789 2630 958 2680 proderit
985 2629 1103 2668 ¹²iam
1122 2643 1203 2669 non

789 2693 950 2730 missum
968 2693 1091 2731 facitis
1109 2697 1159 2731 esi

788 2755 997 2805 quicquam
1016 2754 1141 2793 facere

790 2818 890 2867 patri
909 2824 974 2855 aut
993 2818 1105 2856 matri

790 2877 819 2900 ¹³
832 2879 1086 2919 Rescindetes
1105 2892 1173 2919 uer

1331 291 1425 329 bum
1445 289 1483 328 di
1524 302 1593 341 per
1613 289 1710 329 tradi

1331 354 1476 391 tionem
1494 358 1664 391 uestram

1331 415 1486 453 stultam
1525 427 1644 465 quam
1663 421 1721 454 tra

1331 478 1478 516 didistis
1517 483 1554 516 et
1574 477 1659 516 simi

1329 540 1380 578 lia
1397 540 1512 578 huius
1532 540 1639 580 modi
1659 540 1740 578 mul

1329 608 1368 641 ta
1387 602 1509 641 facitis
1524 623 1532 633 ·
1564 603 1591 624 ¹4
1602 603 1654 641 Et
1673 603 1723 641 ite

1328 678 1415 703 rum
1434 665 1555 705 turbis
1593 665 1678 704 dice

1329 729 1395 766 bat
1414 728 1487 767 inis
1501 749 1509 758 ·
1550 729 1679 766 audite

1328 803 1391 829 me
1412 803 1549 830 omnes
1568 798 1606 829 et
1624 790 1715 829 intel

1328 853 1432 903 ligite
1449 874 1458 883 ·
1488 851 1518 874 ¹⁵
1532 854 1626 891 nihil
1644 860 1701 892 est

1329 928 1352 953 a
1371 915 1462 954 foris
1482 916 1652 955 hominis

1329 977 1513 1017 introiens
1533 979 1572 1016 in
1592 991 1682 1017 eum

1330 1039 1448 1087 Quod
1468 1041 1587 1091 possit
1607 1042 1647 1080 in
1666 1054 1757 1080 eum

1328 1104 1578 1154 coinquinare
1595 1125 1604 1134 ·

1329 1164 1404 1203 Sed
1424 1178 1524 1216 quae
1545 1166 1591 1205 de
1611 1166 1767 1206 homine

1327 1228 1544 1278 procedunt
1567 1229 1629 1267 illa

1328 1297 1416 1329 sunt
1432 1303 1532 1342 quae
1553 1292 1710 1343 coinqui

1326 1359 1421 1391 nant
1441 1353 1640 1392 hominem
1654 1375 1662 1384 ·

1326 1413 1354 1436 ¹⁶
1368 1415 1407 1454 Si
1427 1416 1514 1466 quis
1532 1412 1647 1455 habet
1667 1429 1778 1456 aures

1325 1478 1506 1516 audiendi
1525 1479 1666 1517 audiat·

1325 1539 1480 1578 17Etcum
1489 1541 1680 1580 introisset
1692 1542 1731 1580 in
1740 1542 1791 1581 do

1325 1642 1434 1667 mum
1449 1629 1499 1667 ad
1518 1630 1670 1668 turba—-

1328 1692 1614 1742 interrogabant
1632 1697 1681 1731 εὖ

1326 1755 1504 1805 discipuli
1523 1755 1605 1793 eius
1624 1767 1718 1805 para

1327 1817 1458 1855 bolam
1500 1818 1527 1838 ¹⁸
1539 1818 1590 1856 Et
1609 1818 1659 1856 ait
1678 1818 1749 1856 illis
1766 1839 1775 1848 ·

1328 1879 1391 1918 Sic
1410 1886 1447 1918 et
1466 1892 1539 1918 uos
1558 1880 1750 1930 inpruden

1326 1948 1382 1980 tes
1401 1943 1491 1981 estis
1532 1955 1613 1980 non
1634 1943 1726 1981 intel

1324 2004 1439 2055 ligitis
1479 2005 1585 2056 quod
1605 2017 1722 2044 omne

1325 2068 1562 2106 extrinsecus
1581 2068 1681 2106 intro

1326 2130 1407 2168 iens
1428 2131 1468 2167 in
1488 2130 1687 2169 hominem

1326 2205 1407 2230 non
1427 2198 1554 2243 potest
1572 2205 1664 2231 eum

1325 2255 1578 2306 coinquinare
1592 2276 1601 2285 ·
1632 2255 1660 2276 ¹⁹
1676 2255 1761 2294 Nec

1323 2318 1428 2356 enim
1447 2318 1589 2356 introiit
1608 2318 1649 2356 in
1669 2353 1671 2356 ,

1324 2393 1390 2419 cor
1409 2381 1492 2418 eius
1536 2381 1603 2418 sed
1622 2381 1662 2418 in

1324 2449 1498 2481 uentrem
1539 2449 1577 2481 et
1596 2443 1636 2480 in
1657 2455 1698 2482 se

1324 2517 1478 2544 cessum
1497 2505 1589 2544 exiit

1324 2580 1495 2618 purgans
1515 2579 1653 2606 omnes

1324 2642 1458 2668 aescas
1472 2651 1480 2660 ·
1496 2651 1504 2660 -
1520 2651 1527 2660 ·
1559 2627 1588 2650 ²⁰
1604 2629 1768 2668 Dicebat

1324 2699 1453 2730 autem
1476 2692 1663 2742 quoniam

1323 2767 1421 2805 quae
1443 2754 1490 2792 de
1511 2754 1669 2792 homine
1688 2766 1736 2792 ex

1296 2838 1298 2840 ·
1323 2823 1415 2855 eunt
1457 2816 1518 2854 illa
1538 2816 1694 2867 coinqui

1322 2885 1415 2918 nant
1435 2879 1635 2918 hominem

2220 189 2295 220 121

1831 288 1857 311 ²¹
1871 290 1935 329 Ab
1954 290 2056 330 intus
2075 292 2179 330 enim
2200 293 2247 332 de

1831 353 1947 400 corde
1968 353 2175 393 hominum
2194 377 2202 386 ·

1831 416 2089 465 cogitationes
2109 429 2175 456 ma

1829 477 1864 516 le
1883 479 2122 528 procedunt·

1830 541 2014 579 adulteria
2031 562 2039 572 ·
2069 540 2231 582 ”surta-

1831 602 2102 643 fornicationes
2124 626 2132 635 ·

1831 665 2039 705 homicidia
2077 668 2185 706 auari

1828 728 1881 767 tia
1923 729 2091 779 nequitia
2105 751 2113 760 ·
2155 729 2268 770 dolus
2305 734 2308 738 '

1828 791 2055 841 inpudicitia
2069 813 2078 822 ·
2108 804 2186 831 ocu

1828 853 1887 891 lus
1907 854 2032 892 malus
2071 854 2192 893 blasfe

1828 916 1927 953 mia·
1972 917 2152 966 superbia
2169 938 2177 947 ·

1828 976 1980 1017 stultitia
1996 1000 2004 1009 ·
2035 977 2063 1000 ²³
2075 980 2208 1019 omnia

1828 1040 1926 1079 haec
1945 1040 2046 1079 mala
2066 1043 2115 1080 ab
2135 1042 2239 1082 intus

1827 1103 2044 1153 procedunt
2063 1110 2101 1142 et
2121 1117 2169 1143 co

1827 1165 2031 1216 inquinant
2050 1166 2157 1204 homi

1827 1239 1917 1266 nem
1933 1249 1942 1258 ·
1958 1249 1966 1257 ·
1982 1249 1991 1257 ·
2021 1226 2049 1248 ²⁴
2060 1228 2111 1266 Et
2131 1241 2293 1280 surgens

1825 1289 1913 1328 inde
1934 1290 2026 1329 abiit
2045 1291 2084 1328 in
2104 1291 2181 1330 fine

1825 1353 1898 1401 tyri
1917 1359 1955 1390 et
1974 1353 2121 1392 sidonis
2136 1374 2144 1383 ·
2186 1361 2224 1392 et

1826 1414 2009 1453 introiens
2029 1415 2069 1452 in
2088 1415 2209 1454 domfi

1825 1477 2021 1515 neminem
2041 1478 2197 1516 uolebat

1826 1539 1921 1578 scire
1935 1560 1943 1569 ·
1960 1561 1967 1570 ·
2010 1546 2047 1578 et
2066 1552 2147 1578 non
2168 1541 2294 1592 potuit

1826 1627 1941 1666 latere
1956 1648 1964 1657 ·
1997 1626 2025 1648 ²⁵
2039 1628 2220 1679 Cumque

1827 1689 1995 1728 audisset
2016 1690 2062 1728 de
2083 1691 2147 1729 illo
2167 1701 2236 1729 mu

1826 1751 1894 1790 lier
1933 1752 2043 1791 cuius
2062 1753 2140 1790 filia
2159 1753 2211 1791 ha

1826 1814 1941 1852 bebat
1963 1817 2050 1863 spm
2069 1815 2207 1853 inmun

1827 1875 1923 1914 dum
1937 1897 1946 1906 ·
1989 1875 2108 1915 Uenit
2126 1884 2164 1915 et

1826 1938 1990 1988 procidit
2011 1945 2098 1978 ante
2118 1952 2167 1990 pe

1826 2000 1894 2039 des
1913 2001 1995 2039 eius
2011 2022 2019 2031 ·
2038 2023 2046 2031 ·
2077 2002 2105 2023 2⁶
2116 2009 2196 2040 erat

1826 2069 1955 2101 autem
1975 2064 2111 2102 mulier

1825 2138 1940 2175 greca
1961 2126 2135 2175 syrafinis

1826 2200 1957 2238 sagere
1972 2209 1981 2218 ·
1998 2209 2007 2218 ·
2048 2195 2086 2226 et
2105 2201 2200 2238 roga

1824 2251 1889 2288 bat
1909 2263 2000 2288 eum
2041 2257 2082 2288 ut
2101 2252 2212 2301 expel

1823 2312 1915 2351 leret
1935 2313 2117 2351 demonisi

1826 2375 1923 2413 filiae
1944 2376 2025 2414 eius
2038 2397 2047 2405 ·
2078 2374 2106 2397 ²⁷
2120 2376 2170 2413 Et
2189 2376 2241 2414 ait

1826 2437 1884 2475 ihs
1904 2438 1953 2475 ad
1972 2438 2076 2475 illam
2093 2458 2101 2467 ·
2143 2439 2225 2476 sine

1825 2500 1929 2550 prius
1950 2506 2106 2538 saturen

1824 2568 1884 2599 tur
1904 2562 1993 2599 filii·
2034 2575 2114 2601 non
2135 2569 2192 2601 est

1823 2625 1928 2662 enim
1948 2626 2097 2662 bonum
2120 2638 2165 2663 ac

1823 2687 1949 2736 cipere
1969 2699 2111 2737 panem
2131 2688 2157 2725 fi

1821 2749 1959 2787 liorum
1999 2756 2037 2787 et
2054 2750 2152 2788 catel

1821 2811 1867 2849 lis
1892 2812 2040 2850 mittere
2056 2832 2065 2842 ·
2095 2810 2122 2833 ²⁸
2135 2819 2172 2851 at
2193 2813 2219 2852 il

1822 2874 1859 2912 la
1878 2874 2074 2925 respondit
2089 2875 2124 2914 ei

2046 2943 2068 2968 R

2317 305 2400 338 1¹01.
2416 307 2494 340 173.
