2872 3268
588 225 643 278 84

389 343 567 377 1¹01.1o5.-
585 341 767 392 baptizati
786 340 911 391 baptis

586 417 694 442 mum
714 404 894 442 iohannis

584 466 614 488 ⁸⁰
626 467 770 505 Farisei
790 473 919 504 autem
940 474 977 504 et

583 530 680 580 legis
699 529 831 580 periti·
870 541 946 567 con

584 593 711 630 silium
732 592 909 642 dispreue

582 661 670 692 runt
691 655 729 692 in
750 667 789 692 se
810 666 891 691 non
911 655 983 703 bflp

581 718 682 755 tizati
703 718 752 754 ab
772 717 836 754 illo
850 737 858 746 ·
899 714 927 737 ³¹
942 715 1014 754 Cui

580 792 674 830 ergo
695 780 836 817 similes
856 779 941 817 dica

578 842 757 880 homines
777 841 862 879 huis
881 853 930 891 ge

577 904 786 942 nerationis
800 924 809 933 ·
838 903 889 942 Et

577 968 638 1005 cui
658 966 801 1005 similes
821 972 910 1004 sunt
923 987 931 997 ·

575 1028 604 1049 ³²
617 1029 768 1067 Similes
789 1035 878 1067 sunt
898 1041 974 1080 pue

573 1092 624 1130 ris
645 1091 868 1129 sedentibus

573 1154 614 1192 in
634 1153 673 1191 so
693 1159 730 1192 et
748 1154 922 1204 loquenti

573 1217 647 1254 bus
667 1216 716 1254 ad
736 1216 907 1254 inuicem

573 1279 744 1317 dicentes
791 1286 906 1317 canta

571 1342 699 1380 uimus
717 1342 831 1380 uobis
851 1348 889 1380 et
908 1354 990 1381 non

571 1404 758 1443 saltastis·
801 1405 930 1444 lamen

569 1467 737 1506 tauimus
762 1468 875 1506 uobis

569 1535 606 1567 et
625 1542 706 1568 non
726 1530 905 1580 plorastis
919 1551 927 1560 ·

567 1591 716 1630 ⁸⁸Uenit
729 1593 833 1631 enirn
846 1593 1038 1632 iohannes

566 1679 756 1730 baptista·
798 1693 925 1731 neque

566 1743 810 1781 manducans
831 1756 982 1795 nequae

565 1806 706 1844 bibens
723 1827 731 1835 ·
760 1806 811 1844 Et
831 1807 958 1846 dicitis

564 1868 814 1907 daemonium
834 1869 951 1908 habet
967 1891 975 1900 ·

562 1929 590 1951 ⁸¹
604 1930 722 1969 Uenit
742 1932 841 1971 filius
861 1932 1031 1972 hominis

562 1995 803 2033 manducans
815 2001 853 2034 et
867 1996 1004 2035 bibens
1021 2018 1030 2026 ·

561 2063 598 2095 et
618 2057 741 2096 dicitis
754 2078 762 2088 ·
783 2071 876 2097 ecce
895 2058 1016 2097 homo

559 2126 716 2158 uorator
735 2127 772 2158 et
791 2121 929 2159 bibens

558 2182 694 2219 uinum
714 2183 921 2232 puplicano

558 2255 644 2281 rum
663 2251 702 2283 et
720 2250 927 2295 peccatoria

557 2307 707 2346 amicus
721 2328 730 2337 ·
759 2308 790 2329 ⁸⁶
802 2308 854 2346 Et
873 2309 987 2348 iustifi

559 2375 644 2407 cata
665 2377 722 2408 est
742 2371 931 2421 sapientia

557 2431 607 2469 ab
627 2433 810 2471 omnibus
830 2434 914 2472 filiis

556 2494 635 2532 suis
650 2515 658 2524 ·
702 2495 730 2516 ⁸⁶
744 2495 914 2546 Rogauit
934 2501 1022 2536 aute

554 2555 660 2594 illum
680 2558 837 2608 quidam
857 2559 926 2598 fari

556 2629 667 2657 saeus
685 2627 725 2657 ut
745 2621 938 2660 manduca

554 2686 610 2717 ret
630 2693 719 2719 cum
739 2683 803 2722 illo
819 2704 827 2713 ·
870 2684 921 2722 Et
941 2685 980 2723 in

553 2753 707 2790 gressus
727 2745 766 2782 in
786 2746 947 2784 domum

553 2803 701 2842 farisaei
721 2806 909 2846 discubuit

1504 228 1662 269 SECD
1679 251 1688 262 ·

1086 349 1128 381 ut
1148 343 1333 393 cognouit
1388 341 1494 392 quod

1085 406 1257 443 recubuit
1276 406 1315 443 in
1336 405 1490 443 domu·-

1084 466 1234 505 farisaei
1249 488 1257 497 ·
1301 467 1427 505 attulit
1446 466 1506 504 ala

1083 529 1255 567 bastrum
1274 529 1461 579 unguenti
1476 550 1485 558 ·

1082 591 1566 643 ³⁸Stanssecuspedeseius

1082 653 1247 692 lacrimis
1267 654 1417 704 rigabat
1431 666 1482 704 pe

1081 714 1150 753 des
1170 716 1251 754 eius
1299 723 1337 754 et
1357 716 1503 766 capillis

1080 778 1218 828 capitis
1239 778 1299 817 sui
1319 779 1495 828 tergebat
1509 799 1517 808 ·

1079 846 1117 877 et
1137 841 1382 880 osculabatur
1401 853 1452 891 pe

1079 902 1148 940 des
1161 903 1244 941 eius
1291 909 1328 942 et
1345 911 1547 953 unguento

1077 965 1300 1015 unguebat·
1341 966 1370 987 ⁵⁹
1383 966 1534 1006 Uidens

1077 1034 1208 1066 autem
1228 1028 1413 1068 farisaeus
1434 1030 1500 1081 qui

1076 1098 1287 1130 uocauerat
1306 1104 1398 1129 eum
1413 1113 1422 1122 ·
1467 1093 1519 1131 ait

1077 1153 1176 1191 intra
1197 1165 1238 1192 se
1259 1154 1394 1193 dicens
1409 1175 1417 1184 ·
1447 1155 1509 1194 hic

1077 1215 1110 1253 si
1129 1222 1231 1254 esset
1250 1215 1402 1266 profeta
1421 1217 1477 1256 sci

1075 1284 1131 1315 ret
1150 1278 1307 1329 utiquae
1354 1291 1455 1329 quae
1476 1286 1514 1318 et

1075 1340 1198 1391 qualis
1223 1347 1281 1380 est
1300 1342 1437 1381 mulier

1074 1414 1174 1454 quae
1189 1404 1314 1454 tangit
1327 1416 1434 1442 eum·
1455 1404 1544 1456 quia

1073 1467 1269 1516 peccatrix
1290 1473 1348 1505 est
1360 1488 1369 1497 ·
1384 1470 1386 1472 ’
1401 1467 1484 1505 ⁴⁰Et
1502 1480 1543 1506 re

1074 1528 1273 1578 spondens
1292 1529 1352 1568 ihs
1372 1530 1423 1568 ait
1441 1531 1514 1569 illi·

1072 1590 1201 1629 simon
1216 1591 1343 1631 habeo
1359 1593 1427 1631 tibi
1442 1593 1543 1644 qu0d

1070 1677 1197 1717 dicere
1211 1699 1220 1708 ·
1261 1686 1300 1718 at
1320 1680 1382 1719 ille
1403 1681 1456 1719 ait

1068 1741 1254 1790 magister
1273 1742 1335 1781 dic
1353 1763 1362 1773 ·
1402 1742 1431 1764 4¹
1447 1743 1538 1782 Duo

1068 1802 1263 1842 debitores
1284 1812 1395 1844 erant

1067 1865 1223 1904 cuidam
1243 1866 1452 1907 feneratori
1466 1890 1475 1899 ·

1066 1927 1179 1966 Unus
1199 1929 1366 1969 debebat
1386 1931 1488 1970 dena

1064 1991 1142 2029 rios
1162 1992 1399 2043 quingentos
1416 2015 1424 2024 ·

1064 2060 1103 2092 et
1123 2054 1218 2093 alius
1238 2056 1481 2107 quinquagin

1063 2130 1102 2162 ta
1119 2145 1127 2154 ·
1159 2123 1189 2145 ⁴²
1200 2138 1282 2164 non
1302 2126 1533 2167 habentibus

1063 2193 1194 2225 autem
1213 2188 1285 2226 illis
1304 2190 1407 2228 unde
1427 2192 1496 2230 red

1062 2249 1151 2288 dere
1165 2271 1173 2279 ·
1215 2251 1375 2290 donauit
1392 2254 1485 2291 utris

1060 2324 1136 2362 que
1150 2333 1159 2342 ·
1200 2313 1286 2363 quis
1305 2326 1398 2364 ergo
1418 2320 1467 2354 εὖ

1060 2375 1147 2424 plus
1167 2375 1291 2425 diligit
1304 2397 1313 2406 ·
1355 2376 1383 2397 ⁴³
1397 2377 1478 2416 Res

1058 2437 1197 2486 pondit
1216 2443 1346 2476 autem
1367 2439 1495 2478 simon

1058 2505 1096 2537 et
1115 2499 1235 2538 dixit·
1276 2501 1441 2540 aestimo

1056 2562 1146 2612 quia
1165 2562 1224 2601 his
1245 2564 1306 2601 cui
1325 2564 1412 2614 plus
1433 2565 1484 2604 do

1055 2625 1162 2663 nauit
1177 2646 1186 2655 ·
1216 2632 1255 2664 at
1274 2626 1334 2664 ille
1350 2627 1445 2665 dixit
1464 2628 1499 2666 ei
1514 2650 1522 2658 -

1053 2695 1156 2726 recte
1176 2688 1345 2727 iudicasti
1359 2710 1367 2719 ·
1411 2690 1440 2710 ⁴⁴
1454 2690 1505 2729 Et

1054 2762 1268 2789 conuersus
1288 2752 1337 2790 ad
1357 2753 1449 2790 muli

1053 2824 1180 2850 erem:
1195 2814 1291 2852 dixit
1339 2815 1480 2853 simoni
1497 2837 1505 2846 ·

551 2865 631 2904 ⁸⁷Et
639 2879 728 2905 ecce
736 2870 869 2908 mulier
877 2871 915 2908 in
923 2872 1035 2911 ciuita
1051 2875 1160 2913 uides
1180 2876 1280 2915 hanc
1301 2878 1461 2916 muliere

551 2933 604 2965 te·
625 2941 699 2979 que
712 2937 791 2969 erat
807 2934 1016 2981 peccatrix·

1051 2937 1188 2975 intraui
1208 2939 1248 2976 in
1271 2939 1392 2977 domi-1
1413 2944 1478 2978 tua

1620 354 1762 392 aquam
1783 342 1822 380 in
1845 341 2009 392 pedibus

1620 404 1713 442 mihi
1732 417 1814 443 non
1833 405 1974 443 dedisti

1621 466 1732 505 Haec
1753 473 1881 506 autem
1937 468 2030 507 lacri

1620 529 1694 568 mis
1714 530 1792 568 suis
1811 531 1950 581 rigauit
1969 544 2019 583 pe

1621 592 1690 631 des
1709 604 1821 632 meos
1877 600 1915 632 et
1934 595 2035 645 capil

1619 654 1665 693 lis
1685 655 1762 694 suis
1782 656 1887 695 tersit
1901 677 1910 687 ·
1951 657 1981 678 ⁴¹⁵
1996 669 2041 696 os

1618 718 1748 756 culum
1768 719 1862 756 mihi
1881 731 1963 758 non
1983 720 2031 759 de

1619 780 1706 819 disti
1723 802 1732 811 ·
1747 803 1755 811 -
1801 781 1914 821 Haec
1934 789 2063 822 autem

1617 856 1666 882 ex
1686 856 1765 895 quo
1785 844 1921 883 intraui
1941 858 2023 885 non

1616 907 1781 945 cessauit
1799 908 1964 946 osculari

1615 970 1735 1019 pedes
1754 982 1886 1009 meos·
1926 972 1955 993 ¹⁶
1967 971 2056 1011 oleo

1616 1044 1697 1071 non
1715 1033 1883 1071 unexisti
1902 1041 2018 1085 caput

1615 1107 1748 1133 meum
1762 1116 1771 1125 ·
1813 1096 1926 1135 Haec
1947 1101 2035 1136 aute

1613 1165 1814 1208 unguento
1837 1160 1972 1198 uncxit
1988 1181 1996 1190 ·

1613 1220 1643 1242 4⁷
1654 1220 1817 1271 Propter
1836 1223 1942 1273 quod
1961 1223 2050 1262 dico

1613 1283 1682 1322 tibi
1695 1304 1704 1314 ·
1755 1285 1917 1324 remissa
1936 1293 2024 1324 sunt

1613 1353 1775 1397 peccata
1794 1348 1877 1387 eius
1900 1349 2022 1387 multa

1613 1413 1708 1461 qiim
1727 1410 1859 1449 dilexit
1878 1412 2001 1450 multu

1613 1472 1686 1511 Cui
1706 1479 1837 1512 autem
1859 1474 2061 1513 modicum

1610 1535 1810 1574 dimittitur
1855 1537 2010 1576 modice

1611 1597 1735 1648 diligit
1751 1619 1759 1629 ·
1792 1598 1821 1620 4⁸
1832 1599 1941 1639 Dixit
1953 1601 2005 1639 illi
2018 1601 2077 1640 ihs

1609 1685 1770 1723 remissa
1789 1694 1879 1726 sunt
1899 1688 1968 1726 tibi

1607 1755 1769 1797 peccata
1783 1770 1792 1779 ·
1819 1748 1848 1770 ⁴⁹
1862 1749 1914 1788 Et
1934 1763 2057 1803 coepe

1606 1817 1694 1848 runt
1714 1811 1883 1862 quismul
1902 1825 1942 1852 re

1606 1874 1816 1912 cumbebat
1836 1875 1921 1915 dice

1605 1947 1645 1974 re
1665 1936 1765 1976 intra
1784 1949 1824 1975 se
1839 1958 1848 1968 ·
1889 1939 1975 1989 quis
1997 1947 2055 1979 est

1605 1998 1666 2037 hic
1714 2000 1779 2050 qui
1799 2001 1917 2039 etiam
1937 2015 2059 2052 pecca

1605 2067 1643 2099 ta
1661 2063 1829 2101 remittet
1842 2085 1850 2094 -
1894 2064 1924 2086 ⁵⁰
1938 2064 2047 2105 Dixit

1603 2130 1731 2162 autem
1751 2126 1800 2164 ad
1820 2127 1978 2166 muliere
1994 2149 2003 2159 ·

1601 2186 1696 2224 fides
1717 2194 1782 2226 tua
1801 2195 1836 2227 te
1857 2190 2005 2229 saluam

1600 2247 1690 2287 fecit
1717 2250 2085 2302 uadeinpacen-Q.

1578 2309 1643 2349 *8.
1663 2309 1677 2331 ²
1689 2310 1739 2350 Et
1751 2312 1895 2352 factum
1911 2323 1968 2354 est
1981 2317 2070 2358 dein

1577 2372 1694 2423 *ceps
1710 2395 1718 2404 ·
1760 2382 1798 2414 et
1818 2377 1900 2427 ipse
1920 2379 1991 2418 iter

1576 2433 1765 2476 *faciebat
1783 2451 1852 2489 per
1866 2441 1942 2479 ciui

1598 2504 1696 2538 tates
1716 2507 1754 2539 et
1773 2503 1928 2542 castella

1596 2562 1798 2612 predicans
1813 2585 1821 2594 ·
1863 2572 1901 2604 et
1920 2579 2021 2606 euan

1595 2625 1765 2674 gelizans
1790 2639 1954 2678 regnum

1594 2688 1634 2726 di
1648 2710 1656 2718 ·
1699 2696 1737 2728 et
1757 2689 1966 2730 duodecim
1985 2693 2043 2732 dis

1593 2753 1711 2804 cipuli
1731 2766 1820 2792 cum
1840 2755 1904 2794 illo
1919 2776 1928 2785 ·
1971 2754 2034 2795 ²et

1592 2817 1773 2855 mulieres
1794 2829 1893 2868 quae
1914 2825 2023 2857 erant

1590 2885 1745 2918 curante
1765 2892 1788 2919 a
1808 2880 1971 2931 spiritibs

2245 237 2339 280 [vu.
2354 241 2520 284 29—VIII.
2539 250 2592 276 ιο.

2123 343 2302 394 malignis
2321 351 2359 384 et
2377 346 2518 385 infirmi

2123 406 2265 445 tatibus
2282 428 2291 437 ·
2333 409 2454 447 maria
2473 422 2549 460 que

2122 475 2287 507 uocatur
2306 471 2539 520 magdalena

2122 531 2158 569 A
2179 543 2256 582 qua
2275 532 2457 572 demonia
2481 541 2589 585 septe

2121 594 2313 633 exierant·
2334 595 2406 634 ¹³Et
2420 595 2590 636 iohanna

2120 667 2220 694 uxor
2238 669 2353 696 cusae
2373 671 2540 708 procura

2121 719 2213 757 toris
2232 719 2388 758 herodis
2401 741 2410 750 ·
2449 721 2501 760 Et
2520 733 2566 760 su

2120 793 2260 820 sanna·
2277 782 2328 820 Et
2340 783 2413 822 alie
2426 784 2585 824 multae·

2118 856 2218 894 quae
2238 851 2276 883 et
2294 846 2563 886 ministrabant

2118 907 2170 945 illi
2189 907 2236 946 de
2257 907 2499 948 facultatibus

2118 970 2196 1007 suis
2212 990 2222 1000 ·
2265 971 2279 992 ⁴
2292 970 2395 1010 Cum
2413 984 2508 1023 ergo
2527 978 2587 1012 tur

2116 1031 2190 1070 bae
2210 1033 2489 1073 conuenissent

2116 1101 2154 1133 et
2173 1094 2220 1133 de
2240 1095 2458 1135 ciuitatibus
2478 1097 2529 1136 ad

2114 1164 2303 1195 uenerunt
2321 1158 2431 1196 multi
2445 1179 2454 1189 ·

2114 1218 2224 1258 Dixit
2242 1220 2530 1261 similitudinem

2114 1282 2230 1320 talem
2249 1282 2299 1320 ad
2317 1283 2424 1322 illos·
2450 1284 2581 1325 ⁵Ecce

2113 1344 2205 1382 exiit
2224 1345 2290 1395 qui
2310 1346 2474 1385 seminat
2489 1368 2499 1378 ·
2540 1359 2597 1387 se*

2113 1407 2261 1445 minare
2281 1419 2417 1446 semen
2436 1413 2508 1449 sufi
2523 1431 2533 1440 ·

2113 1469 2165 1507 Et
2184 1469 2278 1508 dum
2298 1471 2463 1510 seminat
2516 1473 2567 1511 ali

2113 1531 2167 1570 ud
2186 1533 2326 1571 cecidit
2341 1545 2453 1573 secus
2471 1535 2579 1575 uia--

2113 1600 2151 1633 et
2169 1595 2443 1635 conculcatum
2462 1603 2521 1637 est
2591 1588 2595 1592 ’

2111 1681 2162 1720 Et
2180 1682 2356 1722 uolucres
2376 1684 2470 1723 illud

2111 1745 2364 1784 comederunt
2377 1767 2386 1777 ·
2427 1747 2504 1786 ⁶Et
2522 1759 2546 1793 a

2110 1807 2190 1845 liud
2209 1808 2348 1847 cecidit
2367 1821 2484 1860 supra

2108 1876 2258 1920 petram
2271 1891 2280 1900 ·
2323 1877 2361 1910 et
2380 1878 2516 1911 natum

2108 1933 2206 1970 aruit
2251 1934 2343 1984 quia
2363 1946 2445 1973 non
2464 1935 2516 1974 ha

2107 1995 2222 2034 bebat
2240 1996 2444 2035 humorem
2459 2018 2469 2028 ·

2105 2057 2119 2078 ⁷
2130 2057 2182 2096 Et
2201 2058 2305 2096 aliud
2320 2059 2457 2098 cecidit
2475 2060 2574 2100 inter

2106 2121 2238 2170 spinas
2254 2142 2263 2151 ·
2301 2121 2353 2160 Et
2372 2123 2485 2161 simul
2504 2136 2553 2162 ex

2104 2182 2238 2222 hortae
2258 2185 2394 2234 spinae
2414 2185 2480 2224 sof

2101 2245 2328 2285 fucauerunt
2345 2247 2438 2286 illud
2450 2269 2459 2278 ·
2474 2269 2503 2277 -

2101 2307 2114 2328 ⁸
2126 2307 2177 2346 Et
2188 2308 2291 2348 aliud
2305 2309 2436 2349 cecidit
2454 2311 2495 2349 in
2513 2318 2571 2351 ter
2584 2347 2586 2349 ,

2100 2383 2185 2409 ram
2204 2372 2349 2410 bonam
2362 2394 2371 2403 ·
2414 2380 2452 2412 et
2468 2374 2532 2413 Ex

2100 2433 2283 2472 hortuum
2302 2435 2391 2474 fecit
2410 2436 2492 2476 fruc

2099 2502 2182 2536 tum
2202 2499 2485 2538 centensimu-·
2501 2521 2509 2531 ·

2099 2558 2211 2598 Haec
2227 2560 2361 2600 dicens
2373 2561 2567 2602 clamabat

2097 2622 2164 2672 qui
2183 2622 2299 2662 habet
2318 2636 2428 2663 aures
2447 2637 2497 2664 au

2097 2684 2228 2723 diendi
2247 2686 2376 2725 audiat
2390 2707 2399 2717 ·
2439 2687 2453 2709 ⁹
2466 2688 2514 2728 In

2095 2753 2388 2798 terrogauerunt

2095 2816 2225 2848 autem
2244 2811 2351 2849 illum
2371 2811 2518 2863 discipu

2094 2871 2120 2909 li
2140 2873 2222 2911 eius
2242 2873 2414 2913 dicentes
2432 2887 2508 2926 que

2093 2940 2152 2972 est
2170 2935 2266 2974 haec
2287 2937 2472 2986 parabola
2485 2958 2494 2968 ·

2092 2996 2122 3018 ¹⁰
2133 2998 2273 3049 quibus
2292 2999 2375 3049 ipse
2395 2999 2490 3038 dixit

2606 354 2689 387 1⁸01.
2704 354 2790 388 1064
