2872 3268
266 218 523 262 x.23-x1.8.]
1056 211 1060 216 ·
1101 211 1192 250 MA
1204 200 1435 250 TTHEIJ·
2232 221 2283 265 13

77 331 234 365 romu.
263 333 543 379 persequentur
768 325 835 376 qui
853 331 981 376 potest
998 326 1159 365 anima*
1309 322 1480 362 hominis
1500 321 1637 361 domes
1793 321 1874 360 *11.
1904 320 1979 360 ¹Et
1997 321 2142 361 factum
2162 329 2220 363 est
2304 326 2388 359 1³01.
2405 326 2466 358 25.

263 401 337 428 uos
357 390 397 428 in
419 390 572 428 ciuitate

263 452 379 490 istam
392 452 510 503 fugite
530 453 571 489 in

265 514 425 553 alteram
437 533 446 541 ·
492 513 597 565 quod

265 577 297 615 si
316 577 357 615 in
376 577 537 615 alteram
555 588 624 627 per

265 646 473 689 sequentur
490 651 561 678 uos
578 655 586 664 ·

265 700 385 752 fugite
405 701 445 739 in
464 701 580 740 aliam
596 719 604 728 ·

265 764 398 803 Amen
415 763 504 803 dico
523 763 637 802 uobis

266 838 350 865 non
369 827 598 865 consumabi

264 889 312 927 tis
332 888 503 927 ciuitates
521 889 565 927 ils
581 906 590 915 ·

267 951 392 990 donec
407 951 538 989 ueniat
551 951 578 990 fi

265 1013 338 1052 lius
358 1012 526 1052 hominis
541 1031 549 1039 ·

266 1073 403 1114 ”Non
422 1082 481 1114 est
499 1075 710 1126 discipulus

268 1150 385 1189 super
402 1138 590 1189 magistri]
603 1155 612 1164 ·

267 1213 342 1240 nec
361 1213 495 1240 seruus
514 1213 629 1252 super

269 1263 366 1302 dfim
381 1280 391 1289 ·
421 1263 451 1287 ²⁵
465 1263 566 1302 Satis
585 1271 643 1303 est

270 1326 459 1376 discipulo
477 1332 519 1364 ut
538 1327 587 1365 sit

269 1388 369 1428 sicut
387 1388 568 1438 magister

270 1451 352 1491 eius
367 1469 376 1477 ·
419 1457 458 1489 et
476 1464 610 1491 seruus

272 1515 372 1553 sicut
391 1514 466 1554 dfis
487 1515 589 1553 eius·

273 1576 315 1616 Si
337 1584 487 1628 patrem
507 1575 668 1616 familias

271 1665 470 1704 beelzebul
488 1678 637 1705 uocaue

273 1735 362 1767 runt
377 1745 386 1755 ·
426 1735 575 1778 quanto
593 1740 660 1768 ma

272 1791 332 1842 gis
351 1791 588 1830 domesticos

271 1853 354 1906 eius
366 1871 374 1880 ·
416 1852 444 1875 ²⁶
456 1853 518 1892 Ne
537 1865 632 1903 ergo
653 1853 679 1891 ti

274 1916 446 1955 mueritis
465 1927 535 1954 eos
553 1932 561 1941 ·

274 1978 370 2016 nihil
387 1978 493 2017 enim
512 1981 650 2028 opertu

274 2047 334 2080 est
353 2040 459 2091 quod
478 2053 561 2079 non
582 2053 624 2079 re

271 2104 482 2143 uelabitur·
511 2109 550 2142 et
569 2116 617 2142 oc

271 2167 418 2207 cultum
437 2165 544 2217 quod
563 2177 645 2205 non

273 2230 437 2269 sciatur·-
467 2227 497 2250 ²⁷
507 2229 615 2280 quod

275 2293 365 2331 dico
382 2292 496 2330 uobis
515 2292 556 2329 in
574 2298 663 2330 tene

275 2355 354 2394 bris
373 2354 488 2393 dicite
507 2355 548 2392 in
569 2354 663 2392 lumi

276 2430 327 2457 ne
343 2438 351 2447 ·
391 2423 429 2455 et
447 2429 547 2467 quae
566 2417 606 2455 in
625 2429 677 2455 au

277 2494 319 2520 re
337 2481 472 2520 auditis
493 2480 626 2531 praedi

278 2550 363 2583 cate
383 2556 497 2593 super
511 2546 614 2582 tectfl
626 2559 635 2569 ·

278 2605 308 2628 ²⁸
318 2606 370 2644 Et
388 2605 505 2644 nolite
523 2605 656 2643 timere

278 2681 348 2709 eos
367 2668 433 2719 qui
454 2667 639 2706 occidunt

279 2742 422 2781 corpus
437 2747 447 2756 ·
487 2729 617 2768 anima

280 2799 410 2833 autem
432 2804 516 2831 non
534 2797 699 2842 possunt

278 2855 456 2896 occidere
473 2872 482 2882 ·
516 2854 586 2893 sed

278 2919 407 2970 potius
425 2930 516 2957 eum
534 2917 666 2956 timete

767 394 805 426 et
825 400 964 439 corpus
984 388 1103 439 perde

766 462 808 487 re
826 450 868 488 in
887 450 1109 500 gehennam
1124 468 1133 477 ·

765 509 795 533 ²⁹
802 511 947 550 Nonne
962 512 1033 550 due
1045 518 1219 562 passeres

765 586 852 612 asse
870 581 1038 613 ueneunt
1051 592 1059 600 ·

768 643 807 676 et
829 649 950 675 unum
969 649 1017 676 ex
1037 636 1110 675 illis

768 711 852 738 non
871 699 985 738 cadet
1003 711 1119 750 super

767 768 909 800 terram
928 762 1012 800 sine
1025 774 1078 801 uo

769 824 913 864 luntate
932 825 1051 875 patris

769 886 908 925 uestri·
947 886 1117 926 ⁸⁰Uestri

773 956 903 988 autem
924 956 962 988 et
981 950 1108 1000 capilli
1129 962 1175 989 ca

770 1012 859 1063 pitis
878 1013 1067 1051 numerati

772 1081 862 1113 sunt
881 1087 1020 1114 omnes
1035 1093 1043 1102 ·
1084 1074 1111 1096 ³¹
1126 1075 1207 1115 noli

771 1143 811 1176 te
829 1149 924 1187 ergo
944 1138 1079 1176 timere
1096 1155 1103 1164 ·

772 1200 894 1239 multo
914 1212 986 1239 uos
1004 1200 1120 1239 melio

773 1275 836 1302 res
854 1263 943 1301 estis
961 1264 1108 1313 passeri

775 1327 873 1364 bus·
907 1324 1102 1367 †⁸²omnis
1121 1338 1163 1364 er

776 1401 828 1439 go
848 1388 914 1439 qui
932 1388 1136 1427 confitetur

778 1454 866 1493 †rne
886 1463 1021 1489 coram
1040 1451 1191 1489 homini

776 1513 848 1551 bus
864 1531 872 1540 ·
916 1514 1132 1552 confitebor

775 1587 851 1626 ego
870 1576 977 1614 illum
997 1588 1130 1615 coram

775 1670 883 1715 patre
902 1676 991 1704 meo
1010 1665 1076 1715 qui
1095 1671 1154 1704 est

775 1727 816 1765 in
835 1727 951 1766 caelis
967 1745 975 1753 ·
1019 1727 1048 1748 ³³
1060 1727 1128 1777 qui
1145 1740 1196 1767 au

775 1796 856 1829 tem
874 1789 1072 1839 negauerit

778 1865 842 1891 me
861 1864 996 1891 coram
1016 1852 1124 1891 homi

778 1915 894 1953 nibus
946 1916 1102 1964 negabo
1120 1922 1159 1954 et

777 1989 853 2027 ego
872 1977 980 2015 illum
995 1989 1127 2015 coram

777 2046 886 2091 patre
905 2052 996 2079 meo
1016 2039 1082 2090 qui
1100 2047 1158 2078 est

778 2104 819 2141 in
837 2102 954 2141 caelis
971 2119 980 2128 ·
1010 2102 1039 2123 ³⁴
1051 2102 1181 2142 Nolite

779 2165 950 2204 arbitrari
969 2165 1060 2214 quia

778 2228 868 2266 ueni
887 2239 1026 2278 pacem
1045 2227 1155 2267 mitte

778 2303 821 2330 re
840 2291 881 2329 in
900 2297 1040 2329 terram
1057 2308 1066 2317 ·

780 2353 875 2393 Non
892 2353 983 2392 ueni
1001 2365 1142 2403 pacem

779 2416 929 2455 mittere
949 2416 1018 2455 sed
1037 2416 1101 2466 gla

780 2479 887 2518 diurn
901 2497 910 2505 ·
939 2478 970 2500 ³⁶
981 2477 1084 2516 Ueni
1103 2483 1168 2517 eni

781 2553 960 2592 separare
979 2541 1088 2579 filiu-

780 2604 968 2643 aduersus
986 2606 1096 2654 patre·

780 2678 915 2705 suum·
956 2672 995 2704 et
1014 2665 1132 2704 filiam

780 2729 968 2767 aduersus
986 2731 1108 2766 matre

781 2803 893 2829 suam
907 2811 916 2821 ·
958 2797 996 2828 et
1015 2793 1115 2828 nursi

780 2853 968 2893 aduersus
988 2856 1102 2892 socrt'i

784 2928 920 2956 suam·
961 2916 991 2971 {³⁶
1003 2921 1041 2955 et
1059 2914 1204 2954 inimici

1309 385 1419 424 tieius
1432 403 1441 411 ·
1483 385 1514 406 ⁸⁷
1525 385 1591 434 qui
1613 384 1680 424 dili

1309 448 1365 498 git
1383 453 1535 497 patrem
1550 452 1617 484 aut

1308 516 1473 548 matrem
1491 509 1580 559 plus

1309 584 1428 622 quam
1447 584 1510 610 me
1563 583 1646 610 non

1311 640 1370 673 est
1388 646 1452 672 me
1472 633 1614 684 dignus
1628 651 1636 660 ·

1310 696 1362 735 Et
1381 697 1445 747 qui
1466 696 1587 746 diligit
1606 696 1685 735 filiii

1312 765 1378 798 aut
1395 759 1512 798 filiam
1531 759 1618 810 plus

1313 829 1427 873 quam
1446 834 1510 861 me
1529 847 1536 854 -
1580 834 1663 860 non

1313 892 1372 924 est
1390 898 1454 923 me
1474 885 1614 935 dignus
1630 902 1638 911 ·

1313 947 1342 969 ⁸⁸
1354 947 1407 985 Et
1425 948 1491 998 qui
1509 960 1591 986 non
1605 946 1745 998 accipit

1314 1022 1468 1049 crucem
1487 1022 1599 1048 suam

1313 1080 1352 1112 et
1372 1073 1542 1123 sequitur
1561 1084 1626 1111 me

1314 1148 1396 1175 non
1416 1142 1474 1174 est
1491 1147 1555 1174 me
1575 1135 1644 1184 dig

1314 1211 1410 1237 nus·
1451 1198 1480 1220 ³⁹
1493 1198 1558 1249 qui
1576 1198 1666 1236 inue

1317 1261 1372 1299 nit
1391 1261 1563 1299 animam
1583 1263 1654 1298 sua

1316 1323 1454 1374 perdet
1470 1322 1577 1361 illam
1592 1340 1601 1348 -

1316 1386 1367 1424 Et
1386 1386 1451 1436 qui
1471 1385 1676 1436 perdiderit

1317 1450 1489 1487 animam
1508 1460 1620 1486 suam

1315 1518 1475 1563 propter
1494 1523 1558 1548 me
1571 1528 1579 1537 ·

1314 1575 1486 1613 inueniet
1504 1586 1592 1612 eam

1316 1663 1345 1685 ⁴⁰
1358 1663 1436 1711 Qui
1450 1663 1585 1714 recipit
1596 1674 1669 1701 uos
1721 1673 1785 1701 me

1311 1726 1447 1777 recipit
1463 1744 1472 1752 ·
1514 1731 1554 1764 et
1571 1725 1639 1775 qui
1657 1737 1722 1764 me

1311 1789 1445 1839 recipit
1459 1806 1468 1816 ·
1508 1788 1643 1838 recipit

1313 1863 1406 1890 eum
1427 1851 1492 1901 qui
1513 1863 1576 1888 me
1594 1850 1698 1888 misit
1711 1866 1720 1877 ·

1314 1913 1342 1935 ⁴¹
1354 1914 1434 1962 Qui
1452 1913 1589 1964 recipit
1607 1912 1717 1963 profe

1314 1982 1394 2015 tam
1408 1994 1416 2003 ·
1446 1976 1486 2014 in
1505 1976 1663 2014 nomine

1314 2038 1532 2089 profaetae·
1573 2050 1657 2077 mer

1315 2101 1452 2140 cedem
1471 2101 1643 2152 profetae

1315 2164 1477 2214 accipiet
1490 2181 1498 2190 ·
1540 2170 1579 2202 et
1598 2163 1665 2214 qui

1314 2226 1450 2277 recipit
1468 2226 1611 2264 iustum

1315 2289 1355 2327 in
1374 2289 1533 2328 nomine
1552 2288 1639 2327 iusti
1656 2306 1664 2315 ·

1315 2351 1534 2390 mercedem
1553 2352 1642 2390 iusti
1661 2363 1708 2390 ac

1315 2414 1450 2465 cipiet·
1479 2412 1510 2435 4²
1520 2420 1558 2452 et
1577 2414 1694 2465 quiesi

1315 2490 1391 2528 que
1410 2483 1548 2528 potum
1568 2477 1667 2516 dede

1315 2540 1363 2578 rit
1377 2557 1385 2566 ·
1427 2540 1494 2578 uni
1514 2552 1563 2578 ex
1582 2540 1678 2578 mini

1315 2603 1389 2641 mis
1407 2603 1487 2641 istis
1507 2603 1666 2642 calicem

1316 2677 1416 2716 aque
1435 2665 1597 2715 frigidae
1613 2683 1622 2692 ·
1665 2671 1733 2704 tan

1314 2734 1398 2766 tum
1417 2727 1458 2765 in
1476 2727 1637 2766 nomine

1316 2789 1494 2840 discipuli
1507 2807 1516 2817 ·
1557 2790 1690 2829 Amen

1317 2852 1406 2891 dico
1424 2852 1538 2891 uobis
1558 2865 1639 2892 non
1657 2865 1708 2903 pe

1792 385 1908 424 *cum
1928 394 2176 425 consumma*³

1793 448 1879 487 *set
1896 448 1981 487 ihs·
2022 450 2196 501 praecipi

1793 513 1890 553 *ens
1909 513 2116 553 duodecim

1793 575 2018 626 *discipulis
2036 577 2115 615 suis
2130 595 2138 604 ·

1815 638 1985 676 transsiit
2004 639 2097 677 inde
2114 661 2122 669 ·

1814 706 1857 739 ut
1876 701 2034 740 doceret
2051 707 2089 740 et
2107 714 2178 753 pre

1815 763 1959 802 dicaret
1978 764 2018 802 in
2037 764 2153 804 ciuita

1814 826 1917 864 tibus
1935 839 2072 866 eorum
2087 847 2096 856 ·

1817 887 1831 908 ²
1842 888 2040 943 Iohannes
2057 896 2191 929 autem

1818 964 1908 990 cum
1928 952 2097 991 audisset
2114 953 2156 991 in

1818 1026 1972 1053 carcere
1992 1026 2112 1064 opera

1819 1076 1887 1127 xpi
1903 1094 1911 1102 ·
1952 1077 2108 1116 mittens
2127 1090 2198 1128 per

1819 1139 2030 1189 discipulos
2048 1152 2140 1179 suos
2157 1158 2166 1167 ·

1820 1201 1834 1223 ⁸
1846 1201 1897 1240 ait
1916 1202 1968 1239 illi
2019 1202 2084 1241 Tu
2104 1215 2146 1242 es
2166 1204 2233 1255 qui

1818 1270 2004 1303 uenturus
2028 1277 2070 1304 es
2124 1278 2177 1304 an

1820 1327 1936 1365 alium
1958 1334 2144 1378 exspecta

1819 1402 1908 1428 mus
1922 1408 1930 1416 ·
1962 1391 2026 1429 ‘et
2044 1399 2183 1442 resp0n

1819 1453 1916 1491 dens
1935 1452 1994 1491 ihs
2013 1453 2065 1492 ait
2084 1454 2154 1493 illis
2171 1471 2180 1480 ·

1817 1514 1965 1553 Euntes
1985 1516 2155 1555 nuntiate

1819 1577 1980 1616 iohanni
1996 1596 2004 1605 ·
2046 1591 2146 1629 quae
2168 1591 2218 1618 au

1821 1665 1929 1704 distis
1948 1672 1986 1704 et
2002 1666 2151 1706 uidistis
2169 1684 2178 1694 ·

1818 1728 1950 1767 ⁵caeci
1967 1729 2121 1767 uident·
2164 1736 2204 1769 et

1817 1791 1944 1830 claudi
1963 1792 2162 1830 ambulant
2177 1809 2186 1819 ·

1815 1853 1958 1904 leprosi
1976 1854 2152 1893 mundan

1817 1922 1878 1954 tur
1894 1933 1902 1942 ·
1944 1922 1983 1954 et
2003 1916 2107 1955 surdi
2130 1929 2180 1956 au

1819 1978 1930 2017 diunt
1946 1999 1954 2008 ·
1997 1984 2035 2018 et
2054 1980 2197 2019 mortui

1819 2046 2023 2091 resurgunt
2039 2059 2048 2068 ·
2089 2048 2127 2081 et

1818 2116 2008 2154 pauperes
2026 2116 2127 2143 euan

1819 2166 2050 2216 gelizantur·
2087 2166 2150 2206 ⁶et
2168 2167 2217 2207 be

1819 2235 1904 2267 atus
1923 2235 1982 2269 est
2001 2227 2066 2279 qui
2085 2241 2167 2269 non

1820 2291 2101 2331 scandalizatus
2120 2291 2160 2330 fu

1820 2353 1891 2392 erit
1909 2354 1949 2391 in
1968 2366 2032 2392 me
2046 2371 2054 2380 ·

1820 2416 2085 2455 '‘Abeuntibus
2107 2421 2195 2456 aute

1820 2478 1893 2517 illis
1909 2499 1917 2507 -
1958 2479 2085 2530 coepit
2103 2479 2164 2519 ihs

1822 2542 1949 2580 dicere
1968 2542 2019 2581 ad
2038 2543 2170 2581 turbas

1822 2604 1870 2643 de
1889 2604 2058 2643 ihoanne
2075 2622 2083 2631 ·
2126 2605 2220 2657 quid

1821 2668 1970 2706 exsistis
1990 2668 2031 2705 in
2051 2667 2163 2707 deser

1820 2736 1905 2768 tum
1924 2730 2054 2769 uidere
2067 2751 2075 2759 ·
2118 2730 2170 2770 ha

1819 2792 2024 2831 rundinem
2047 2805 2070 2832 a
2089 2805 2166 2832 uen

1820 2861 1862 2893 to
1881 2855 2017 2905 agitari
2033 2873 2042 2882 ·
2071 2855 2086 2877 ⁸
2101 2855 2170 2895 sed

1316 2914 1404 2954 ribit
1422 2927 1571 2955 merces
1591 2916 1695 2955 eius·
1711 2933 1765 2951 „e-
1822 2917 1916 2969 quid
1934 2915 2065 2957 existis
2083 2918 2173 2956 uide

2108 2991 2148 3017 re
