2872 3268
692 263 784 296 xvl.
803 261 944 304 16-20.]
1241 259 1443 300 MARC2
1470 281 1479 291 ·
2200 274 2276 319 137

494 374 674 406 1¹01.202.
693 368 721 391 ¹⁶
732 369 783 408 Et
802 371 869 421 qui
889 370 1093 410 crediderit
1200 374 1219 395 *
1234 375 1337 414 Finit
1355 375 1449 414 liber
1468 377 1525 415 sci

691 438 730 471 et
748 433 965 483 baptizatus
985 434 1050 473 fue
1200 436 1219 457 *
1235 438 1427 488 euangelii
1441 459 1449 469 ·
1481 439 1542 478 dic

691 493 739 532 rit
779 495 912 535 saluus
931 497 1000 535 en't
1198 499 1217 520 *
1234 507 1273 538 ta
1292 500 1418 552 adque
1436 501 1539 540 facta

693 555 773 604 Qui
791 569 884 597 uero
904 571 986 598 non
1005 560 1108 599 credi
1198 561 1216 582 *
1234 562 1300 601 dfii
1320 563 1374 601 fiti

691 618 787 658 derit
806 619 1052 660 damnabitur
1068 643 1076 652 ·
1197 623 1215 644 *
1233 624 1285 663 ihi
1304 625 1373 676 xpi
1412 638 1527 664 amen

692 680 720 702 ¹⁷
736 680 858 732 Signa
876 690 1006 722 autem
1025 684 1122 723 haec

691 743 938 784 credentibus
957 747 1030 785 sub
1302 783 1309 791 .
1329 783 1340 822 l
1394 784 1401 792 .

691 813 898 855 sequentur
910 829 918 838 ·
962 808 1002 846 in
1021 822 1074 848 no
1193 840 1211 863 *
1231 782 1311 853 ,ΩΨ
1339 796 1424 854 Ῠὲιὸ

690 867 794 906 mine
814 881 903 908 meo
924 869 1040 909 demo
1228 846 1398 896 mtelhge

691 929 755 967 nia
772 930 909 969 eicient
923 953 931 962 ·
952 938 990 970 et
1009 933 1061 971 lin

688 992 774 1041 guis
793 992 1001 1043 loquentur

687 1054 801 1093 nouis
820 1076 828 1085 ·
858 1055 886 1077 ¹⁸
900 1064 1099 1107 serpentes

687 1116 820 1155 tollent
859 1124 897 1157 et
917 1119 948 1158 si
968 1132 1053 1159 mor

687 1178 840 1217 tiferum
881 1181 975 1231 quid
995 1183 1034 1220 bi

688 1241 813 1279 berint
831 1254 911 1281 non
931 1243 1002 1282 illis

687 1304 842 1342 nocebit
857 1326 866 1335 ·
910 1317 1026 1356 supra

686 1377 802 1415 egros
821 1378 962 1406 manus
981 1369 1021 1407 in

686 1434 836 1478 ponent
873 1436 911 1468 et
930 1431 1028 1469 bene

1320 722 1591 741 mmm

1193 907 1211 927 *
1229 908 1322 958 quia
1341 909 1407 947 dfii
1427 917 1518 949 sunt

1192 968 1332 1009 *uerba
1351 971 1423 1010 ista
1443 977 1510 1011 sca

1229 1033 1282 1071 Et
1301 1046 1371 1072 ora
1390 1047 1463 1086 pro
1485 1036 1670 1086 scriptore

1193 1094 1211 1115 ’¹‘
1229 1096 1284 1134 sic
1303 1109 1452 1136 mereas
1472 1110 1619 1138 corona

1191 1156 1210 1177 *
1227 1171 1251 1197 a
1270 1159 1460 1198 saluatore
1476 1181 1484 1190 ·

1192 1218 1210 1239 *
1226 1227 1264 1259 et
1283 1221 1403 1260 uitam
1423 1234 1514 1261 cum
1533 1224 1608 1263 scis

1190 1281 1208 1302 *
1226 1283 1309 1322 eius
1329 1283 1494 1323 cultores
1509 1307 1517 1315 ·

1225 1345 1276 1383 Et
1294 1345 1464 1396 legentes
1484 1359 1639 1386 memen

1226 1414 1305 1446 tote
1324 1409 1400 1448 mei
1418 1411 1611 1460 peccatori

687 1490 855 1529 abebunt
869 1513 877 1522 ·
907 1490 936 1513 ¹⁹
947 1492 998 1531 Et
1014 1493 1086 1532 dfis
1308 1514 1361 1530 m
1416 1515 1470 1532 φ,
1525 1516 1578 1533 ,Α

686 1579 844 1630 quidem
863 1579 922 1618 ihs
936 1588 1026 1630 post
1226 1584 1317 1634 quia
1335 1585 1455 1624 tribus

686 1652 805 1691 quam
823 1641 975 1681 locutus
993 1650 1051 1682 est
1224 1645 1351 1696 digitis
1371 1648 1484 1686 scribi

685 1702 755 1741 illis
774 1710 952 1754 receptus
970 1711 1029 1744 est
1224 1714 1285 1746 tur
1305 1730 1313 1739 ·
1337 1730 1345 1739 -
1368 1731 1376 1740 ·
1399 1727 1452 1744 m

684 1764 725 1803 in
744 1766 860 1804 caelis
876 1788 884 1797 ·
925 1773 963 1805 et
982 1767 1080 1806 sedit
1098 1769 1149 1808 ad
1185 1767 1204 1790 *
1221 1776 1258 1809 et
1272 1776 1377 1809 totus

684 1827 881 1867 dexteram
901 1829 940 1867 di
952 1851 961 1860 ·
990 1827 1020 1852 ¹⁰
1031 1830 1083 1869 illi
1183 1830 1202 1851 *
1219 1834 1416 1872 membrus

683 1896 813 1928 autem
831 1891 992 1941 profecti
1180 1892 1199 1914 *
1217 1894 1365 1934 laborat
1377 1913 1385 1921 ·

682 1953 980 2003 predicauerunt
997 1955 1064 1994 ubi
1181 1954 1200 1976 *
1218 1956 1327 1996 labor
1346 1959 1412 2008 qui

682 2027 758 2065 que
775 2037 784 2045 ·
815 2016 895 2055 dfio
914 2017 1121 2058 adiuuante
1181 2017 1200 2038 *
1218 2018 1308 2057 dem
1326 2021 1432 2059 modi

681 2077 734 2116 Et
752 2079 914 2117 uerbum
933 2081 1055 2119 confir
1182 2080 1201 2101 *
1220 2094 1313 2121 cum
1333 2104 1341 2113 ·
1359 2104 1368 2113 ·
1390 2104 1399 2113 ·
1440 2096 1510 2134 gra

682 2146 811 2178 mante
831 2153 946 2191 prose
1183 2142 1201 2164 *
1219 2145 1271 2184 tia
1286 2152 1415 2184 autem
1430 2158 1523 2198 mag

680 2203 888 2253 quentibus
900 2205 1019 2255 signis
1033 2227 1146 2238 ·····
1180 2205 1199 2227 '¹‘
1214 2219 1266 2245 na
1280 2220 1303 2246 a
1321 2209 1481 2247 creatori
1502 2231 1510 2240 -
1533 2230 1542 2239 ·

1219 2281 1296 2319 pax
1314 2270 1530 2321 legentibus

671 2340 678 2348 .
1150 2335 1157 2344 ‘
1219 2344 1297 2382 pax
1317 2334 1561 2374 audientibus

670 2393 679 2402 ·
730 2377 1101 2419 EVANGELIVM
1150 2389 1157 2398 '
1218 2406 1294 2445 pax
1314 2402 1352 2435 et
1371 2397 1508 2436 caritas

761 2464 1066 2508 SECUNDUM
1220 2464 1259 2495 et
1277 2459 1465 2508 gaudium
1485 2461 1577 2511 spiri

791 2551 1039 2594 mem
1150 2553 1157 2617 ;
1217 2526 1361 2633 333
1407 2523 1615 2624 3333
1673 2612 1675 2622 .

755 2644 990 2679 ΕΞΠΛῙΚΗΤ
1015 2650 1072 2680 ΦΕ

763 2308 1066 2328 Φωνὴ

670 2716 678 2780 ζ
719 2733 1106 2768 AIKITEP·-AMEN
1271 2729 1324 2744 “’”
1379 2730 1432 2748 “’“
1487 2732 1540 2749 “’“

779 2827 1155 2853 ΦΦΦ”
1272 2840 1540 2860 mmm
2044 2851 2068 2879 T
