2872 3268
617 270 943 310 RELATION
974 271 1099 325 OFq
1127 272 1199 311 To
1234 271 1443 311 OTHER
1479 274 1822 315 OLD-LATIN
1852 275 2062 318 TEXTS.
2175 278 2252 320 xlv

445 382 604 422 Selecled
611 384 786 435 readings
803 386 884 422 and
898 386 1114 435 renderz‘ngs
1128 387 1169 424 in
1189 385 1312 424 which
1383 385 1544 424 Selecled
1553 389 1730 439 readings
1749 389 1830 426 and
1838 390 2057 440 renderings
2077 391 2116 428 in
2130 393 2253 430 which

608 449 628 487 f
637 463 663 501 q
682 451 792 501 dffr
798 450 912 501 from
933 451 1019 489 each
1038 452 1148 490 other.

445 513 562 554 Mark
582 515 604 553 i.

502 593 535 617 2.
563 580 667 619 uiam
685 587 791 619 tuam
811 594 835 619 a
854 581 875 620 b
895 582 960 631 dq
978 581 1068 619 Am.

661 646 766 684 uiam
786 652 891 684 tuam
911 653 1001 686 ante
1021 653 1058 686 te
1066 648 1112 699 f

499 723 534 760 3.
563 711 719 750 semitas
740 712 822 750 eius
841 725 865 761 q
883 711 972 750 Am.

661 777 816 816 semitas
836 777 898 816 dei
917 778 1039 817 nostri
1058 792 1083 816 a
1102 778 1123 817 b
1143 780 1172 816 d
1171 780 1215 830 f.

499 852 533 891 5.
563 842 875 893 hierosolymitae
894 843 1064 883 uniuersi
1080 845 1101 883 b
1116 845 1145 882 d
1158 858 1180 895 q
1196 845 1284 883 Am.

660 907 780 947 hiero.
801 921 939 947 omnes
958 922 995 948 a.

659 973 969 1023 hierosolymitae
978 975 1023 1026 f

564 1039 724 1077 iordane
743 1053 767 1077 a
788 1039 808 1078 b
828 1040 857 1077 d
871 1053 904 1090 q.

657 1105 817 1144 iordane
837 1105 996 1145 flumine
1004 1107 1049 1159 f
1056 1106 1144 1145 Am.

497 1171 532 1208 6.
560 1170 662 1221 pilos
683 1171 703 1209 b
724 1171 753 1208 d
766 1184 799 1220 q.

659 1249 709 1276 ex
729 1237 816 1287 pilis
819 1238 866 1288 s}
887 1237 973 1288 pilis
992 1237 1079 1276 Am.

658 1302 801 1352 pellem
820 1316 855 1341 α.

497 1369 532 1415 6,
556 1378 588 1417 7.
618 1367 680 1406 hie
710 1368 936 1418 predicabat
964 1369 1096 1408 dicens
1124 1369 1309 1419 quoniam

713 1434 734 1472 b
753 1447 787 1484 q.

657 1505 695 1537 et
742 1499 993 1550 praedicabat
1046 1500 1178 1539 dicens
1226 1499 1309 1553 (om.

711 1566 914 1615 quoniam)
924 1566 969 1616 f
976 1565 1065 1604 Am.

656 1636 694 1668 et
715 1630 866 1669 dicebat
885 1631 958 1669 illis
977 1644 1001 1669 a
1021 1632 1054 1668 d.

469 1708 530 1745 34.
559 1695 708 1734 curauit
727 1695 757 1732 d
771 1709 788 1733 e
806 1709 829 1745 q
847 1695 936 1734 Am.

659 1761 810 1799 sanauit
829 1761 899 1812 bf.

467 1836 529 1875 35.
558 1826 728 1865 diluculo
750 1838 914 1877 surgens
934 1827 1026 1865 abiit
1045 1828 1067 1866 b
1086 1828 1115 1865 d
1129 1841 1151 1877 q
1165 1826 1294 1880 (exa).

654 1891 822 1930 diluculo
847 1892 962 1931 ualde
987 1905 1150 1943 surgens
1177 1906 1307 1944 egres-

710 1970 778 1997 sus
797 1958 888 1997 abiit
895 1959 939 2008 f
948 1958 1038 1997 Am.

654 2023 781 2074 prima
800 2023 887 2062 luce
907 2024 1000 2062 exiit
1019 2029 1056 2063 et
1077 2025 1166 2063 abiit
1185 2039 1220 2064 a.

654 2094 744 2127 ante
764 2088 892 2128 lucem
912 2101 1077 2140 surgens
1097 2091 1189 2130 abiit
1206 2104 1234 2130 e.

465 2236 527 2283 38.
556 2233 606 2272 ad
621 2233 902 2285 predicandum
916 2247 940 2284 q
956 2231 1052 2287 (also
1054 2234 1192 2287 fhund
1200 2237 1241 2275 in
1255 2235 1308 2290 r).

652 2306 695 2338 ut
714 2305 751 2338 et
769 2299 822 2338 ibi
842 2300 1064 2350 praedicem
1082 2314 1107 2339 a
1127 2302 1156 2339 d
1155 2301 1199 2352 f
1204 2302 1293 2341 Am.

652 2364 873 2415 praedicare
893 2365 914 2403 b
934 2379 960 2403 e.

464 2443 528 2480 39.
558 2430 598 2469 in
619 2430 830 2481 synagogis
853 2431 1015 2481 galileae
1035 2432 1056 2470 b
1075 2445 1110 2482 q.

651 2496 691 2534 in
710 2508 793 2546 syn.
813 2508 949 2535 eorum
968 2497 1009 2535 in
1029 2510 1189 2537 omnem
1209 2499 1306 2549 gali-

706 2561 833 2599 laeam
851 2574 876 2599 a
895 2562 924 2600 d
938 2560 1108 2614 (totam),
1124 2562 1209 2615 (per
1223 2577 1307 2603 om-

703 2625 863 2678 nenof-

654 2691 694 2728 in
719 2691 903 2730 omnibus
930 2705 1012 2744 syn.
1038 2693 1078 2730 in
1103 2699 1185 2732 tota
1210 2695 1306 2745 gali-

709 2755 795 2795 laea
812 2770 840 2796 e.

559 2820 599 2858 in
619 2832 700 2872 syn.
715 2833 850 2861 eorum
866 2827 904 2861 et
918 2823 1026 2862 omni
1044 2823 1206 2874 galilaea
1217 2824 1307 2864 Am.

1545 453 1566 490 f
1579 466 1606 504 q
1617 467 1683 491 are
1696 455 1834 503 agreed
1847 456 2002 505 against
2014 456 2115 495 other
2125 457 2169 495 E
2166 470 2252 496 uro-

1540 525 1637 568 pean
1656 523 1766 559 texts.

1436 1376 1471 1412 6.
1511 1383 1545 1419 -ι-
1555 1381 1592 1413 et
1607 1388 1705 1415 zona
1717 1376 1867 1426 pellicia
1882 1377 1985 1416 eirca
1997 1376 2150 1416 lumbos
2165 1378 2247 1416 eius

1635 1443 1680 1492 f
1689 1456 1712 1492 q
1731 1442 1820 1483 Am.

1596 1520 1662 1545 om.
1682 1522 1706 1547 a
1726 1508 1746 1547 b
1765 1510 1800 1548 d.

1407 1833 1468 1870 34.
1498 1820 1647 1860 sinebat
1666 1821 1803 1873 defq
1822 1822 1911 1862 Am.

1592 1887 1803 1937 patiebatur
1822 1902 1846 1926 a
1866 1890 1898 1927 b.

1406 2157 1467 2198 37.
1498 2160 1588 2188 cum
1621 2147 1858 2188 inuenissent
1891 2161 1981 2188 eum
2014 2149 2146 2200 dicunt
2181 2151 2243 2203 (or

1649 2212 1844 2266 dixerunt)
1870 2214 1905 2254 ei
1929 2214 1990 2268 (or
2012 2214 2079 2271 illi)
2102 2230 2127 2255 a
2147 2217 2175 2255 d
2191 2214 2241 2270 (e)

1631 2282 1707 2332 sq
1726 2280 1814 2319 Am.

1594 2345 1766 2386 dicentes
1785 2345 1836 2384 illi
1856 2346 1889 2386 b.
