2872 3268
562 208 621 255 54

363 327 445 359 1¹01.
463 327 545 360 227.
561 317 759 356 habrahae
778 318 871 356 estis
887 338 896 348 ·
937 317 1007 356 sed

562 380 744 431 quaeritis
763 393 826 419 me
847 381 933 419 occi

561 444 653 483 dere
667 464 676 473 ·
718 444 809 494 quia
827 451 949 482 serm⁰

560 518 672 545 meus
693 519 773 545 non
794 507 896 556 capit
915 506 955 543 in

559 569 673 608 uobis
688 589 697 599 ·
726 569 754 589 ³⁸
767 569 854 618 Ego
874 567 973 618 quod

559 631 641 670 uidi
661 631 764 682 apud
783 637 934 681 patrem

559 706 692 732 meum
711 694 785 732 hoc
805 694 943 743 loquor
960 713 968 723 ·

558 757 609 795 Et
626 769 698 795 uos
717 768 811 806 ergo
831 755 938 808 quod
956 755 994 793 ui

558 819 666 858 distis
721 817 825 868 apud
844 821 953 868 patre

555 888 727 920 uestrum
746 881 858 919 factis
870 901 879 910 ·

556 945 585 966 ⁸⁹
598 943 900 994 Responderunt
919 943 971 982 ad

557 1020 648 1046 eum
669 1013 706 1045 et
724 1007 904 1046 dixerunt
918 1028 926 1037 ·

555 1076 665 1121 pater
685 1077 817 1108 noster
835 1069 888 1108 ha

556 1133 720 1171 braham
740 1139 798 1171 est
815 1153 824 1162 ·
869 1132 963 1171 dicit

554 1196 611 1235 eis
626 1196 685 1234 ihs
741 1196 773 1233 si
788 1195 840 1234 fili
851 1195 996 1235 habrae

554 1258 691 1297 essetis
746 1271 867 1309 opera
885 1258 937 1297 ha

552 1321 673 1360 brahe
692 1321 866 1360 faceretis
880 1342 889 1352 ·

552 1385 582 1406 ⁴⁰
594 1397 698 1423 nunc
718 1391 849 1423 autem
868 1397 968 1436 quae

551 1448 632 1486 ritis
651 1460 714 1486 me
734 1448 911 1487 occidere
924 1469 933 1478 ·

551 1510 754 1550 hominem
773 1510 839 1562 qui
857 1523 907 1550 ue

551 1818 704 1856 ritatem
724 1817 876 1856 locutus

554 1894 642 1920 sum
660 1881 775 1919 uobis
795 1891 914 1930 quarn

553 1944 683 1982 audiui
703 1956 727 1982 a
746 1943 798 1982 do
856 1942 949 1981 Hoc

552 2007 767 2046 habraham
786 2019 867 2045 non

553 2069 666 2108 fecit·
707 2069 736 2090 ⁴¹¹
749 2081 821 2108 uos
841 2068 967 2107 facitis

553 2145 673 2182 opera
691 2132 809 2182 patris
828 2143 899 2170 ues

553 2195 600 2234 tri
615 2216 624 2225 ·
664 2194 858 2233 Dixerunt
877 2193 914 2232 ei

553 2269 628 2296 nos
649 2257 698 2296 de
717 2257 922 2296 fornicatio

552 2333 602 2359 ne
622 2333 704 2359 non
724 2332 857 2359 sumus
876 2319 957 2358 nati
970 2340 979 2349 -

552 2395 675 2421 unum
694 2390 844 2434 patrem
862 2383 915 2421 ha

554 2447 692 2485 bemus
712 2446 779 2485 dffi
796 2467 805 2476 ·
846 2444 876 2467 ⁴²
886 2445 996 2484 Dixit

555 2509 611 2546 eis
630 2509 689 2547 ihs
702 2530 711 2539 ·
760 2509 792 2547 si
812 2508 858 2547 ds
876 2515 986 2559 pater

554 2578 682 2609 uester
701 2577 823 2610 esset·
864 2571 930 2609 dili

556 2633 696 2681 geretis
715 2634 846 2684 utique
865 2646 929 2672 me
943 2654 952 2664 ·

558 2693 647 2743 Ego
666 2696 769 2732 enirn
789 2709 812 2733 a
831 2696 883 2734 do
903 2696 1004 2734 exiui

559 2762 597 2793 et
614 2758 704 2794 ueni
720 2778 728 2787 ·
770 2758 863 2796 Non
882 2760 988 2797 enim

562 2830 586 2856 a
604 2830 667 2856 me
686 2819 771 2868 ipso
789 2822 879 2858 ueni
935 2822 1004 2860 sed

561 2880 622 2918 ille
642 2892 705 2918 me
723 2882 826 2919 misit
839 2902 848 2911 ·
887 2882 915 2903 ⁴³
929 2895 1005 2932 qua

561 2954 603 2980 re
622 2942 829 2992 loquellam
849 2953 968 2982 11103-

560 3017 642 3043 11011
661 3006 896 3055 cognoscitis

1429 203 1678 244 SECUND
1694 223 1703 232 ·

1064 321 1158 368 qum
1178 328 1260 355 non
1280 317 1442 366 potestis

1063 380 1195 418 audire
1213 380 1369 417 uerbum
1387 383 1478 418 111οῦ

1063 443 1092 463 ⁴⁴
1106 441 1189 480 Uos
1209 454 1258 479 ex
1277 449 1385 492 patre
1405 443 1521 482 diabo

1063 505 1102 543 lo
1122 505 1213 542 estis
1227 525 1236 535 ·
1275 511 1313 543 et
1333 505 1466 544 deside

1062 567 1116 605 ria
1136 567 1255 617 patris
1278 568 1396 606 uestri

1061 630 1177 668 uultis
1197 630 1323 669 facere
1337 651 1346 660 ·
1387 631 1449 670 ille

1062 692 1259 732 homicida
1278 700 1359 732 erat
1381 695 1432 732 ab

1061 755 1171 794 initio
1226 761 1264 794 et
1282 756 1322 794 in
1341 757 1461 795 uerita

1061 824 1100 857 te
1120 831 1202 857 non
1222 819 1324 857 stetit
1379 820 1470 870 quia

1060 882 1201 920 ueritas
1221 894 1302 921 non
1321 888 1380 921 est
1399 883 1439 920 in

1059 956 1175 982 eum·
1216 957 1307 984 cum
1325 945 1434 996 loqui

1059 1013 1119 1044 tur
1138 1007 1387 1046 mendacium
1404 1030 1412 1038 ·

1044 1082 1108 1109 -ex
1130 1070 1209 1108 suis
1229 1072 1397 1121 propriis
1416 1071 1455 1111 10

1059 1133 1187 1183 quitur
1200 1154 1209 1163 ·
1253 1133 1343 1184 quia
1362 1145 1454 1172 men

1059 1196 1136 1235 dax
1155 1202 1214 1235 est
1232 1203 1271 1235 et
1290 1203 1400 1248 pater
1418 1197 1499 1236 eius
1516 1218 1525 1227 ·

1058 1259 1088 1279 ⁴⁵
1100 1258 1189 1309 Ego
1209 1263 1305 1310 qum
1325 1259 1526 1299 ueritatem

1058 1321 1251 1361 diconon
1271 1322 1424 1361 creditis

1057 1385 1154 1424 mihi
1170 1406 1180 1416 ·
1219 1385 1248 1406 ⁴⁶
1260 1386 1346 1436 quis
1365 1398 1414 1424 ex
1433 1397 1485 1425 uo

1056 1449 1117 1487 bis
1137 1454 1271 1499 arguet
1289 1461 1352 1487 me
1372 1448 1421 1487 de

1056 1518 1222 1562 peccato
1292 1511 1333 1550 Si
1351 1512 1434 1550 ueri

1057 1821 1177 1854 tatem
1196 1814 1285 1854 dico
1305 1826 1423 1865 quare

1057 1891 1130 1918 uos
1150 1891 1231 1917 non
1251 1878 1405 1917 creditis
1423 1877 1478 1915 mi

1057 1941 1120 1979 hi·
1138 1963 1146 1972 ·
1191 1941 1221 1962 4⁷
1233 1941 1301 1991 qui
1321 1953 1344 1979 a
1363 1941 1415 1979 do
1435 1947 1494 1979 est

1036 2052 1041 2059 ,
1056 2005 1177 2043 uerba
1191 2004 1230 2042 di
1245 2004 1352 2043 audit
1367 2024 1376 2034 ·
1418 2010 1510 2054 pr⁰p

1056 2073 1161 2105 terea
1180 2079 1254 2105 uos
1273 2079 1354 2105 non
1374 2066 1465 2104 audi

1057 2131 1105 2169 tis
1125 2130 1216 2180 quia
1235 2142 1284 2168 ex
1301 2129 1353 2167 do
1373 2141 1456 2168 non

1056 2194 1148 2231 estis
1162 2214 1171 2222 ·
1213 2190 1242 2214 ⁴⁸
1257 2191 1470 2242 Responde

1056 2262 1146 2294 runt
1164 2267 1259 2304 ergo
1278 2255 1405 2293 iudaei

1057 2324 1095 2357 et
1114 2318 1293 2356 dixerunt
1311 2317 1362 2354 1111
1375 2338 1384 2347 ·

1057 2393 1139 2419 11011
1157 2381 1258 2418 bene
1278 2379 1440 2418 dicimus

1057 2443 1148 2494 quia
1167 2442 1420 2481 samaritanus

1058 2518 1101 2545 es
1119 2512 1162 2543 tu
1181 2511 1218 2544 et
1239 2505 1448 2544 daemonifi

1057 2568 1179 2607 habes
1196 2589 1205 2598 ·
1235 2568 1264 2589 ⁴⁹
1277 2566 1498 2618 Respondit

1057 2631 1116 2670 ihs
1134 2643 1210 2681 ego
1230 2630 1439 2669 daemonii]

1057 2707 1138 2734 non
1157 2694 1284 2733 habeo
1341 2693 1409 2732 sed
1428 2693 1480 2731 ho

1058 2757 1221 2796 norifico
1240 2764 1391 2807 patrem

1059 2832 1191 2858 meum
1204 2840 1213 2850 ·
1263 2826 1301 2858 et
1319 2831 1393 2857 uos
1413 2830 1499 2869 sper

1060 2883 1149 2921 nitis
1168 2895 1233 2920 me
1249 2903 1258 2912 ·
1288 2881 1318 2902 ⁶⁰
1329 2882 1418 2932 Ego
1439 2884 1526 2919 aute

1059 2956 1142 2982 non
1160 2957 1305 2994 quaero
1318 2945 1474 2994 gloria-

1060 3019 1210 3045 meam·
1255 3013 1313 3045 est
1330 3007 1396 3056 qui
1415 3018 1490 3056 que

1602 323 1661 356 rat
1679 323 1718 356 et
1738 317 1881 356 iudicet
1894 336 1923 346 -

1602 379 1631 400 ⁶¹
1638 380 1767 418 Amen
1782 392 1897 420 amen
1912 379 2001 419 dico
2019 392 2072 419 uo

1601 442 1662 480 bis
1676 463 1685 472 ·
1730 442 1762 480 si
1782 443 1868 493 quis
1887 443 2011 481 uerbu
2051 431 2054 435 ’

1601 517 1734 543 111011111
1753 506 1963 544 seruauerit
1977 526 1986 536 ·

1601 574 1767 606 mortem
1787 580 1868 607 non
1886 568 1975 607 uide

1601 630 1656 668 bit
1674 630 1715 668 in
1734 637 1935 669 aeternum
1949 651 1958 661 ·
1976 652 1984 661 ·

1600 690 1820 732 ⁶²Dixerunt
1826 706 1918 743 ergo
1925 693 2051 732 iudaei
2059 715 2069 724 ·

1599 767 1705 794 nunc
1725 756 1985 806 eognouimus

1600 818 1691 868 quia
1708 818 1958 858 daemonium
1977 819 2028 857 ha

1599 882 1669 919 bes
1683 901 1692 911 ·
1731 881 1931 920 Abraham

1599 949 1772 983 mortuus
1792 951 1851 983 est
1870 950 1907 983 et
1927 950 1994 994 pr0

1599 1005 1699 1045 setae
1715 1027 1725 1037 ·
1765 1014 1803 1045 et
1821 1014 1863 1045 tu
1883 1007 1980 1045 dicis

1599 1069 1631 1107 si
1651 1069 1737 1120 quis
1757 1070 1922 1108 uerbum
1941 1081 2005 1108 me

1598 1143 1665 1170 um
1685 1132 1895 1170 seruauerit
1914 1139 1988 1170 n⁰n

1596 1195 1767 1244 gustabit
1785 1201 1952 1233 mortem

1596 1257 1636 1294 in
1656 1262 1857 1296 aeternum
1873 1277 1882 1287 ·
1912 1256 2055 1295 53Ν11111

1596 1320 1690 1371 quid
1704 1326 1746 1358 tu
1764 1320 1889 1359 maior
1908 1332 1950 1358 es

1595 1390 1705 1435 patre
1723 1389 1858 1422 nostro
1877 1383 1999 1422 habra

1595 1447 1689 1486 ham
1708 1447 1775 1497 qui
1794 1452 1968 1485 mortuus

1595 1517 1654 1550 est
1673 1516 1711 1548 et
1729 1509 1902 1561 profetae
1922 1521 2009 1548 mor

1571 1822 1579 1830 -
1595 1797 1650 1836 tui
1670 1802 1759 1835 sunt
1805 1808 1923 1847 quern
1941 1802 1979 1834 te

1595 1861 1724 1911 ipsum
1743 1859 1839 1898 facis
1855 1880 1864 1889 ·
1894 1859 1924 1880 ⁵⁴
1935 1858 2017 1897 Res

1594 1923 1733 1973 pondit
1751 1923 1811 1961 ihs
1868 1922 1899 1960 si
1922 1934 1997 1972 ego

1594 1986 1905 2025 honorifieauero

1594 2062 1657 2088 me
1677 2049 1807 2100 ipsum
1863 2048 1990 2086 honor

1593 2124 1704 2151 meus
1724 2112 1851 2150 nullus
1868 2117 1928 2150 est
1943 2131 1952 2141 ·
1970 2132 1978 2140 ·

1593 2181 1652 2213 est
1670 2181 1779 2225 pater
1797 2186 1907 2212 meus
1927 2173 1993 2224 qui

1594 2237 1826 2276 honorificat
1845 2249 1908 2274 me
1922 2256 1932 2266 ·

1593 2313 1712 2351 quem
1730 2311 1804 2338 uos
1824 2298 1950 2337 dicitis

1594 2363 1684 2413 quia
1703 2363 1748 2400 ds
1767 2367 1893 2400 uester
1908 2366 1966 2399 est
1995 2380 2004 2389 ·
2022 2380 2031 2390 ·

1594 2425 1623 2446 ⁶¹⁵
1635 2430 1673 2463 et
1691 2436 1773 2462 non
1793 2422 2034 2473 cognouistis

1593 2500 1705 2526 eum·
1746 2499 1822 2537 ego
1843 2491 1973 2523 autem
1992 2496 2047 2523 no

1593 2550 1633 2589 ui
1652 2550 1759 2587 illum
1773 2570 1782 2579 -
1821 2548 1873 2587 Et
1892 2549 1924 2587 si
1944 2547 2033 2586 dixe

1593 2625 1638 2651 ro
1654 2612 1747 2663 quia
1765 2623 1848 2650 non
1866 2611 1959 2650 noui
1978 2610 2044 2648 illu

1595 2687 1662 2714 ero
1681 2674 1815 2712 similis
1834 2673 1947 2712 uobis

1594 2737 1786 2776 mendax·
1819 2736 1896 2774 Sed
1915 2735 2007 2774 noui

1596 2813 1687 2840 eum
1707 2806 1745 2838 et
1763 2800 1933 2838 uerbum.
1948 2798 2030 2837 eius

1596 2862 1773 2902 custodio
1790 2883 1798 2892 -
1830 2861 1859 2882 ⁵⁶
1870 2860 2063 2899 Abraha-

1595 2932 1704 2977 pater
1723 2931 1852 2964 uester
1871 2922 2001 2962 exulta

1595 2989 1650 3027 uit
1664 2994 1705 3026 ut
1718 2988 1866 3026 uideret
1882 2986 1943 3025 die
1959 2988 2049 3023 111οῦ

2266 210 2377 253 [vm.
2390 214 2524 256 57-1X·
2542 213 2573 247 6.

2105 323 2143 356 et
2162 317 2257 356 uidit
2275 324 2314 357 et
2331 319 2490 369 gauisus

2105 386 2164 419 est
2177 401 2186 411 ·
2229 381 2260 403 ⁶⁷
2272 382 2454 421 dixerunt

2105 456 2202 493 ergo
2221 444 2347 483 iudaei
2368 445 2419 483 ad
2440 457 2532 484 eum

2105 506 2390 556 quinquaginta
2409 520 2459 546 an

2104 580 2180 607 nos
2199 569 2376 607 nondum
2396 569 2518 608 habes

2104 637 2142 669 et
2161 631 2348 669 abraham
2366 632 2494 671 uidisti
2506 653 2516 663 ·

2104 692 2248 732 ⁶⁸Dixit
2262 694 2335 732 illis
2350 694 2409 733 ihs
2455 707 2572 734 amen

2104 768 2220 795 amen
2240 756 2330 795 dico
2348 758 2463 796 uobis

2103 825 2193 857 ante
2213 819 2400 858 abraham
2420 832 2496 871 ego

2102 892 2189 920 sum
2204 902 2214 912 ·
2257 881 2287 903 ⁵⁹
2299 882 2478 921 tullerunt
2497 895 2539 922 er

2101 957 2154 994 go
2175 944 2325 994 lapides
2344 945 2471 984 iudaei
2490 952 2533 985 ut

2102 1007 2290 1046 iactarent
2308 1008 2348 1046 in
2368 1008 2476 1046 illum
2492 1029 2501 1039 ·

2102 1069 2170 1107 Ihs
2190 1077 2322 1108 autem
2342 1071 2495 1110 abscon

2102 1131 2158 1170 dit
2178 1144 2220 1171 se
2237 1153 2246 1163 ·
2277 1139 2315 1171 et
2324 1134 2448 1177 exiuit
2467 1133 2516 1172 de
2532 1137 2570 1173 te

2102 1195 2170 1244 plo
2187 1216 2195 1225 ·
2235 1196 2447 1234 transsiens
2466 1203 2532 1246 per

2100 1257 2273 1296 medium
2292 1269 2429 1297 eorum
2442 1279 2452 1289 ·
2491 1258 2544 1297 Et

2013 1329 2054 1362 de
2064 1339 2141 1362 ceco
2160 1337 2214 1354 w*
2232 1321 2312 1360 ibat
2332 1321 2387 1359 sic
2407 1338 2462 1355 os

2079 1382 2145 1422 *9.
2164 1382 2230 1421 ¹Et
2245 1383 2482 1433 praeteriens
2497 1404 2506 1414 ·
2530 1383 2570 1422 111

2077 1444 2157 1485 *dit
2175 1445 2376 1485 hominem
2396 1451 2494 1486 00οῦ

2076 1510 2124 1547 *a
2142 1509 2339 1548 natiuitate
2358 1521 2429 1548 sua

2121 1583 2199 1623 post
2235 1579 2438 1612 mediantem
2470 1583 2570 1622 pente

2122 1635 2213 1664 custe
2229 1632 2378 1674 sequenti
2389 1631 2569 1664 domeneca
2623 1639 2625 1641 ’

2121 1691 2223 1724 100110
2263 1691 2429 1734 euangelii
2467 1702 2566 1725 secon

2122 1743 2201 1776 dum
2253 1743 2398 1776 iuhanne
2413 1744 2455 1776 de
2471 1754 2552 1776 ceco

2097 1803 2157 1843 ²et
2175 1805 2513 1855 interrogauerunt

2097 1879 2189 1905 eum
2209 1867 2388 1918 discipuli
2407 1867 2490 1905 eius

2097 1930 2272 1969 dicentes
2289 1951 2298 1960 ·
2346 1930 2456 1968 rabbi

2097 1993 2183 2043 quis
2194 1993 2351 2044 pecauit
2365 2012 2374 2022 ·
2395 1992 2477 2031 hic·
2500 1998 2567 2031 aut

2096 2063 2279 2106 parentes
2297 2055 2381 2094 eius
2398 2061 2441 2092 ut
2459 2067 2506 2094 ce

2097 2131 2166 2157 cus
2185 2125 2410 2158 nasceretur
2424 2139 2433 2148 -

2096 2181 2110 2202 ³
2124 2180 2348 2231 Respondit
2366 2180 2426 2218 ihs
2445 2184 2545 2231 neqs

2095 2244 2159 2282 hic
2179 2243 2358 2294 peccauit
2378 2245 2476 2293 neqS

2094 2313 2275 2356 parentes
2293 2306 2373 2344 eius
2387 2325 2396 2335 ·
2436 2304 2507 2343 sed

2094 2375 2137 2406 ut
2156 2367 2469 2406 manifestaretur

2096 2443 2216 2481 opera
2232 2430 2271 2468 di
2287 2430 2327 2468 in
2340 2430 2406 2469 illo
2423 2451 2432 2460 ·
2475 2429 2490 2451 ⁴
2501 2441 2566 2469 me

2096 2499 2250 2544 oportet
2269 2493 2423 2543 operari

2096 2567 2217 2606 opera
2236 2555 2318 2594 eius
2338 2555 2404 2605 qui
2423 2565 2488 2593 me

2096 2618 2199 2656 misit
2253 2618 2382 2656 donec
2402 2617 2485 2656 dies

2096 2687 2156 2720 est
2170 2702 2179 2711 ·
2222 2681 2353 2719 ueniet
2372 2692 2454 2719 nox

2098 2743 2256 2795 quando
2275 2755 2395 2782 nemo
2414 2754 2469 2794 po

2096 2797 2176 2846 test*
2190 2806 2344 2857 operari
2359 2826 2369 2836 ·
2408 2805 2538 2844 ⁶Cum

2096 2870 2137 2908 in
2157 2869 2232 2908 hoc
2251 2867 2402 2906 mundo
2422 2879 2510 2906 sum
2526 2887 2536 2897 ·

2097 2932 2163 2970 lux
2183 2944 2269 2971 sum
2288 2930 2400 2968 huius
2418 2941 2513 2967 mun

2100 2996 2139 3035 di
2153 3015 2161 3024 ·
2175 2995 2189 3016 ⁶
2209 2994 2321 3032 Haec
2342 3004 2433 3031 cum
2452 2991 2553 3030 dixis

2589 322 2670 357 Pol.
2686 322 2773 356 228.
