2872 3268
287 203 383 235 xm.
395 204 558 244 34-xw.
578 200 647 243 26]

85 316 166 348 ποι.
181 316 266 349 235.
289 310 319 334 ⁸⁴
331 311 557 350 mandatum
572 315 679 351 noufi

291 375 343 414 do
362 375 474 413 uobis
493 382 535 413 ut
555 374 673 424 diliga

286 438 336 477 tis
355 438 525 477 inuicem
545 438 643 476 sicut

289 500 405 539 dilexi
424 512 497 539 uos
547 506 588 538 ut
606 506 644 539 et
661 507 727 538 u0s

290 563 457 614 diligatis
477 563 645 601 inuicem
661 583 670 593 ·

289 626 319 648 ³⁶
331 626 380 664 In
399 626 475 665 hoc
491 627 588 665 sient
608 638 746 665 omnes

289 690 396 740 quod
416 689 493 728 mei
514 689 666 739 discipu

290 752 316 789 li
330 752 422 790 estis
441 752 475 791 si
489 751 647 790 caritate

288 814 497 853 habueritis
512 814 553 851 in
568 814 648 852 inui

290 889 377 916 cem
389 897 398 907 ·
414 898 422 907 ·
441 897 450 907 ·
480 876 620 915 ³⁶Dicit
638 876 692 914 illi
712 876 744 915 si

289 951 385 978 mon
403 945 535 990 petrus
549 960 557 970 ·
587 938 665 977 dfie

289 1014 369 1053 quo
389 1002 501 1040 uadis
515 1019 523 1028 ·
566 1001 647 1040 Res

289 1065 449 1116 spondit
462 1065 515 1103 illi
534 1064 594 1102 ihs

289 1139 368 1179 quo
388 1139 464 1177 ego
483 1127 587 1165 uado
606 1138 688 1164 non

288 1196 400 1241 potes
420 1202 483 1228 me
502 1202 606 1228 nunc
623 1201 663 1228 se

288 1253 355 1305 qui
371 1270 380 1279 ·
425 1252 596 1303 sequeris
616 1263 665 1289 au

288 1323 371 1356 tem
389 1322 526 1366 postea
540 1332 548 1341 ·
578 1314 608 1336 ³⁷
620 1314 712 1353 dicit

290 1379 343 1417 illi
362 1384 493 1429 petrus
509 1398 518 1407 ·
561 1377 637 1416 dfie

291 1453 411 1491 quare
431 1452 513 1479 non
527 1446 660 1490 posu-

291 1510 328 1542 te
344 1503 454 1554 sequi
473 1502 594 1541 modo

291 1591 464 1630 animam
483 1602 611 1628 meam

292 1666 364 1704 pro
384 1659 420 1691 te
441 1664 548 1703 pono
563 1669 571 1676 ·
601 1649 720 1689 ³⁸Res

293 1715 451 1766 spondit
470 1715 523 1752 illi
537 1714 595 1752 ihs

292 1778 463 1817 animam
482 1783 588 1815 tuam
607 1788 679 1826 pro

293 1853 357 1879 me
374 1840 490 1890 ponis
504 1860 513 1868 ·
556 1839 686 1877 Amen

292 1897 408 1941 amen
423 1902 511 1941 dico
525 1901 595 1940 tibi

292 1978 374 2004 non
393 1964 563 2004 cantabit
581 1963 703 2014 gallus

291 2034 503 2079 antequam
517 2032 574 2066 ter
592 2038 656 2064 me

290 2102 410 2141 neges
424 2110 433 2120 ·
473 2094 538 2129 14.
549 2087 562 2109 ¹
578 2100 660 2127 non
679 2100 756 2128 con

288 2154 458 2191 turbetur
477 2164 545 2191 cor
564 2163 634 2190 ues

291 2222 392 2253 trum
408 2236 417 2245 ·
462 2214 604 2253 credite
623 2214 663 2251 in

292 2277 359 2316 dm
378 2284 416 2316 et
436 2278 475 2315 in
494 2289 558 2315 me
577 2276 718 2315 credite

290 2339 305 2361 ²
316 2341 364 2379 In
383 2340 502 2379 domo
521 2339 640 2390 patris
654 2339 731 2377 mei

290 2403 408 2441 multe
426 2403 650 2441 mansiones

293 2472 382 2504 sunt
396 2486 406 2496 ·
447 2464 631 2515 Alioquin
646 2463 745 2503 dixis

292 2540 376 2567 sem
393 2527 507 2566 uobis
525 2526 628 2565 uado

292 2602 454 2641 prepare
473 2589 602 2628 locum
620 2601 672 2628 uo

292 2654 352 2692 bis
369 2673 377 2683 ·
421 2652 434 2673 ³
446 2652 498 2691 Et
517 2652 549 2691 si
568 2652 648 2691 iero
667 2658 704 2690 et

293 2727 575 2766 praeparauero
594 2727 646 2753 uo

293 2779 353 2817 bis
372 2778 503 2817 locum
519 2796 527 2804 ·
571 2778 717 2816 Iterum

1139 186 1433 235 IOHANNI?
1444 215 1453 224 ·

788 311 944 350 ueniam
963 317 1002 350 et
1021 323 1109 350 acer

789 374 887 411 siam
905 385 978 411 uos
997 373 1048 412 ad
1066 385 1130 412 me

788 436 917 486 ipsum
933 456 942 465 ·
981 442 1023 474 ut
1037 435 1104 473 ubi
1123 448 1145 474 e

786 510 839 548 go
860 510 946 536 sum
965 504 1003 537 et
1021 510 1092 536 uos
1112 495 1191 536 sitis
1205 518 1214 528 ·

787 562 801 582 ⁴
812 567 850 599 et
865 572 944 611 quo
958 561 1062 599 uado
1085 572 1158 599 nos

786 624 834 662 tis
853 630 892 662 et
908 623 1014 662 uiam
1034 623 1140 662 scitis
1153 643 1161 652 ·

785 685 800 707 ⁶
812 685 917 724 Dicit
935 685 988 723 illi
1007 684 1162 724 thomas

786 748 862 786 dfie
875 769 885 778 ·
926 747 1121 787 nescimus
1140 755 1213 799 qu0

783 810 895 849 uadis
914 817 953 849 et
967 810 1073 849 unde
1091 822 1145 860 po

785 885 917 912 sumus
935 873 1041 912 uiam
1061 873 1158 911 scire

784 936 797 957 ⁶
809 935 914 974 Dicit
933 936 986 974 illi
1005 935 1065 974 ihs
1111 947 1187 986 ego
1208 940 1252 974 ssi

784 999 848 1037 uia
867 1005 905 1037 et
923 999 1066 1037 ueritas
1085 1005 1123 1037 et

784 1061 864 1100 uita
881 1081 889 1091 ·
930 1073 1048 1100 nemo
1066 1062 1172 1100 uenit

785 1124 836 1162 ad
854 1130 1006 1174 patrem
1025 1124 1099 1162 nisi

786 1199 855 1237 per
875 1199 939 1226 me
956 1216 965 1226 .
993 1187 1058 1226 ⁷et
1077 1188 1109 1226 si
1130 1198 1194 1226 me

785 1250 908 1289 nostis
927 1256 966 1288 et
985 1256 1135 1300 patrem

784 1323 916 1351 meum
930 1313 1119 1362 cognosci

785 1375 833 1413 tis
847 1395 856 1405 ·
897 1382 935 1413 et
954 1387 1003 1414 ex
1023 1386 1129 1413 nunc
1151 1386 1228 1425 cog

785 1437 956 1476 noscetis
974 1449 1063 1476 eum
1082 1443 1119 1476 et

785 1499 935 1538 uidistis
955 1512 1046 1538 eum

790 1586 804 1608 ⁸
816 1586 909 1625 dicit
927 1587 980 1625 illi
1002 1587 1156 1638 filippus

792 1648 868 1688 dfie
887 1649 1049 1688 ostende
1067 1651 1180 1688 nobis

792 1717 941 1761 patrem
960 1718 998 1750 et
1010 1712 1094 1750 suffi

793 1773 845 1811 cit
864 1774 978 1812 nobis
994 1795 1003 1804 ·
1044 1775 1057 1795 ⁹
1070 1774 1174 1813 Dicit
1193 1774 1220 1812 il

792 1835 818 1873 li
837 1835 896 1874 ihs
911 1857 920 1866 ·
959 1842 1067 1875 tanto
1085 1843 1219 1887 tempo

793 1910 833 1936 re
852 1899 1056 1938 uobiscum
1076 1911 1163 1937 sum

792 1967 830 1999 et
852 1973 934 1999 non
953 1961 1076 2000 nostis
1095 1974 1158 1999 me

792 2023 922 2073 filippe
936 2044 945 2053 ·
985 2024 1053 2074 qui
1067 2036 1131 2062 me

790 2086 885 2124 uidit
903 2086 999 2125 uidit
1012 2093 1050 2125 et
1069 2090 1176 2137 patre

790 2160 922 2187 meum
939 2169 948 2178 ·
991 2155 1028 2187 et
1046 2160 1193 2199 quomo

791 2211 843 2249 do
863 2217 904 2249 tu
923 2211 1018 2249 dicis
1041 2211 1204 2250 ostende

791 2273 905 2312 nobis
920 2280 1069 2323 patrem
1085 2294 1093 2304 ·
1109 2296 1164 2303 —

791 2334 820 2355 ¹⁰
832 2347 914 2374 non
933 2336 1057 2374 credis
1075 2336 1165 2387 quia

793 2411 870 2449 ego
890 2399 930 2436 in
949 2406 1100 2449 patrem
1138 2406 1176 2438 et

794 2468 903 2512 pater
921 2462 960 2500 in
979 2474 1043 2500 me
1063 2469 1121 2501 est
1135 2483 1143 2491 -

793 2524 924 2563 Uerba
942 2535 1018 2575 que
1037 2537 1112 2575 ego
1132 2524 1220 2564 dico

792 2587 905 2626 uobis
954 2599 977 2626 a
996 2599 1060 2626 me
1078 2587 1166 2637 ipso

793 2661 875 2688 non
894 2650 1033 2699 loquor
1081 2649 1150 2687 sed

793 2718 902 2762 pater
917 2712 982 2762 qui
1001 2712 1042 2749 in
1061 2724 1123 2750 me
1139 2724 1204 2750 ma

794 2781 860 2814 net
878 2775 962 2826 ipse
978 2773 1066 2813 facit
1085 2786 1204 2825 opera

1322 309 1350 331 ¹²
1364 310 1519 350 Credite
1542 310 1636 348 mihi
1655 310 1745 360 quia

1323 384 1399 423 ego
1419 373 1459 410 in
1478 379 1585 423 patre
1606 379 1644 411 et
1663 385 1714 423 pa

1323 442 1379 474 ter
1396 435 1436 473 in
1456 447 1519 474 me
1537 451 1545 460 ·
1573 435 1636 474 uel
1655 442 1751 486 pr0p

1322 505 1379 537 ter
1398 509 1518 548 opera
1538 498 1643 536 credi

1323 567 1361 599 te
1380 560 1475 598 mihi
1489 581 1498 590 ·
1542 558 1572 581 ¹²
1585 560 1715 599 Amen

1322 634 1439 661 amen
1458 622 1548 662 dieo
1566 623 1678 662 uobis

1321 685 1388 735 qui
1407 685 1528 724 credit
1547 685 1588 723 in
1607 697 1671 724 me

1322 759 1442 797 opera
1461 759 1561 798 quae
1581 760 1656 799 ego
1677 748 1715 787 fa

1322 809 1386 848 cio
1406 816 1445 848 et
1463 810 1526 849 ille
1545 810 1661 850 faciet
1677 831 1686 842 ·

1321 877 1361 911 et
1379 873 1527 912 maiora
1546 872 1605 911 his
1620 873 1697 912 faci

1297 961 1307 968 -
1323 941 1361 973 et
1377 956 1386 965 ·
1425 936 1515 986 quia
1529 948 1605 986 ego
1618 936 1668 975 ad
1687 949 1739 987 pa

1322 1004 1421 1036 trem
1440 999 1544 1037 uado
1560 1019 1569 1029 ·
1599 997 1630 1020 ¹³
1641 1005 1679 1038 et
1698 999 1793 1051 quid

1323 1060 1416 1111 quid
1435 1061 1619 1111 petieritis

1322 1123 1362 1161 in
1381 1123 1540 1163 nomine
1559 1136 1650 1163 meo

1322 1185 1399 1224 hoc
1419 1185 1559 1225 faciam
1605 1193 1647 1225 ut

1323 1247 1598 1287 honorificetur

1323 1316 1433 1360 pater
1451 1311 1492 1348 in
1507 1311 1629 1350 filium

1324 1372 1352 1392 ¹⁴
1367 1373 1399 1411 si
1419 1372 1513 1423 quid
1531 1373 1715 1424 petieritis

1322 1435 1363 1473 in
1383 1436 1542 1474 nomine
1562 1448 1652 1475 meo

1324 1509 1399 1548 ego
1415 1497 1556 1537 faciam
1575 1521 1630 1528 —

1279 1619 1285 1625 .
1306 1583 1357 1605 *¹⁵
1371 1584 1411 1623 Si
1431 1585 1585 1635 diligitis
1605 1598 1668 1625 me
1688 1598 1781 1625 man

1306 1646 1419 1686 *data
1438 1660 1526 1687 mea
1544 1655 1694 1687 seruate

1307 1709 1409 1749 *¹⁶Et
1421 1723 1495 1761 ego
1511 1712 1661 1762 rogabo
1676 1714 1784 1762 patre

1307 1771 1462 1812 *meum
1478 1790 1485 1798 ·
1539 1781 1577 1812 et
1596 1774 1713 1812 alium

1327 1836 1563 1894 aduocatum
1582 1836 1687 1875 dabit

1327 1899 1441 1937 uobis
1461 1899 1528 1949 qui
1547 1900 1661 1938 uobis

1328 1973 1418 1999 cum
1438 1961 1487 1999 sit
1504 1961 1544 1999 in
1563 1965 1721 2000 aeternu

1329 2023 1356 2045 ¹⁷
1369 2027 1458 2073 spm
1477 2024 1647 2062 ueritatis

1327 2097 1444 2135 quem
1464 2086 1527 2125 hic
1545 2086 1713 2126 mundus

1327 2148 1504 2198 accipere
1519 2161 1602 2187 non
1619 2161 1673 2199 po

1327 2216 1402 2250 test
1415 2232 1424 2241 ·
1467 2215 1562 2261 qfim
1581 2223 1662 2250 non
1679 2212 1719 2250 ui

1329 2273 1385 2311 dit
1403 2285 1493 2311 eum
1512 2286 1584 2312 nec
1605 2274 1713 2313 nouit

1329 2335 1436 2374 illum
1482 2347 1554 2375 uos
1574 2343 1704 2375 autem

1329 2399 1566 2448 cognoscitis
1585 2410 1675 2437 eum

1329 2461 1421 2511 quia
1439 2460 1544 2511 apud
1562 2473 1636 2500 uos
1655 2473 1721 2500 ma

1329 2531 1396 2562 net
1415 2531 1453 2562 et
1471 2524 1511 2561 in
1530 2524 1644 2562 uobis
1663 2530 1722 2562 est
1738 2544 1746 2554 ·

1328 2585 1357 2607 ¹⁸
1372 2585 1465 2625 Non
1479 2586 1694 2636 relinquam
1708 2598 1781 2626 uos

1328 2648 1485 2687 orfanos
1504 2648 1660 2686 ueniam

1329 2711 1380 2749 ad
1398 2723 1492 2749 uos·
1523 2710 1699 2749 1‘'Adhuc
1722 2722 1776 2761 pu

1328 2773 1454 2812 sillum
1473 2779 1511 2812 et
1529 2773 1591 2811 hic
1607 2773 1774 2813 mundus

2240 195 2294 251 63

1826 322 1888 349 me
1908 311 1986 349 iam
2005 322 2087 350 non
2106 311 2196 350 uide

1825 372 1882 411 dit
1897 393 1906 403 ·
1946 384 2018 411 uos
2037 379 2167 412 autem
2185 375 2223 412 ui

1826 435 1965 474 debitis
1983 447 2047 474 me
2064 454 2072 462 ·
2115 437 2206 486 quia
2225 450 2247 476 e

1827 509 1879 547 go
1897 498 1988 536 uiuo
2008 504 2047 537 et
2064 510 2136 538 uos
2155 500 2244 538 uiue

1827 560 1874 598 tis
1890 581 1900 590 ·
1932 559 1960 581 ²⁰
1973 561 2013 598 in
2032 561 2097 599 illa
2115 562 2177 600 die
2201 574 2279 613 cog

1828 624 1998 662 noscetis
2019 635 2091 663 uos
2112 628 2208 675 qfim

1827 697 1903 735 ego
1922 686 1963 724 in
1983 692 2134 737 patrem
2153 692 2245 726 meii
2262 709 2271 718 ·

1828 754 1866 786 et
1883 760 1956 787 uos
1976 750 2016 787 in
2037 761 2100 788 me
2120 757 2158 789 et
2177 762 2255 801 ego

1827 811 1868 849 in
1886 812 1999 851 uobis
2033 810 2143 863 ²²qui
2161 811 2276 852 habet

1820 873 2012 913 mandata
2031 887 2120 914 mea
2140 882 2178 914 et
2197 887 2267 915 cus

1827 936 1925 975 todit
1944 937 2009 975 illa
2055 937 2119 976 ille
2138 944 2196 977 est

1827 999 1893 1049 qui
1912 1011 1976 1038 me
1997 999 2119 1050 diligit
2135 1021 2144 1030 ·
2186 1001 2254 1051 qui

1834 1067 1965 1099 autem
1985 1062 2106 1113 diligit
2125 1075 2191 1102 me

1828 1123 2007 1174 diligetur
2026 1137 2050 1163 a
2069 1132 2180 1176 patre
2199 1138 2265 1165 me

1828 1198 1853 1225 o
1873 1194 1911 1243 et
1930 1199 2006 1237 ego
2027 1188 2187 1238 diligam
2205 1188 2232 1227 il

1828 1248 1908 1287 lum
1954 1256 1992 1288 et
2010 1251 2216 1290 ostendam

1826 1311 1879 1350 illi
1898 1324 1962 1351 me
1981 1313 2109 1363 ipsum
2124 1335 2133 1344 ·
2163 1312 2193 1334 ²²
2205 1314 2299 1354 dicit

1828 1374 1881 1413 illi
1900 1375 2010 1414 iudas
2030 1388 2111 1415 non
2130 1378 2231 1415 scari

1828 1437 1920 1476 otha
1936 1458 1945 1468 ·
1976 1438 2052 1477 dne
2072 1445 2110 1478 et
2129 1439 2223 1490 quid

1827 1498 1974 1539 factum
1993 1506 2051 1539 est
2070 1501 2178 1552 quod

1829 1588 1944 1626 nobis
1963 1594 2188 1627 ostensurus

1830 1661 1871 1688 es
1890 1656 1928 1688 te
1948 1650 2075 1700 ipsum
2095 1658 2133 1690 et
2152 1664 2234 1690 non

1829 1711 1918 1751 huic
1938 1713 2086 1751 mundo
2103 1734 2111 1743 ·
2141 1712 2169 1734 ²⁸
2181 1726 2243 1753 res

1828 1774 1966 1824 pondit
1984 1775 2043 1813 ihs
2062 1782 2099 1814 et
2119 1776 2216 1815 dixit

1828 1836 1880 1874 illi
1897 1857 1906 1866 ·
1950 1837 1982 1875 si
2002 1838 2087 1887 quis
2108 1838 2232 1889 diligit

1830 1910 1893 1936 me
1912 1900 2074 1938 uerbum
2093 1912 2224 1939 meum

1830 1962 2040 2000 custodiet·
2086 1969 2124 2001 et
2142 1969 2251 2013 pater

1830 2035 1941 2063 meus
1957 2024 2079 2075 diligit
2099 2037 2188 2064 eum

1830 2092 1868 2124 et
1887 2087 1991 2136 apud
2011 2099 2100 2125 eum
2118 2089 2231 2127 uenie

1829 2160 1917 2186 mus
1937 2154 1974 2188 et
1992 2151 2196 2189 mansione

1829 2211 1933 2261 apud
1950 2211 2057 2250 illum
2075 2211 2173 2251 facie

1829 2285 1916 2312 mus
1957 2272 1987 2295 ²⁴
1998 2275 2063 2324 qui
2083 2287 2147 2314 me
2167 2288 2249 2315 non

1830 2335 1951 2386 diligit
1969 2337 2088 2375 uerba
2108 2349 2195 2376 mea

1829 2410 1909 2436 non
1928 2400 2107 2437 obseruat
2127 2407 2164 2439 et

1828 2462 1991 2499 uerbum
2010 2462 2116 2511 quod
2135 2474 2185 2501 au

1830 2523 1936 2561 distis
1955 2535 2036 2562 non
2055 2530 2114 2563 est
2131 2529 2222 2564 mefi

1829 2585 1897 2623 sed
1917 2585 1983 2635 qui
2002 2598 2066 2624 me
2089 2587 2192 2625 misit
2211 2599 2263 2638 pa

1828 2647 1894 2685 tris
1915 2668 1924 2678 ·
1953 2646 1983 2669 ²⁵
1996 2647 2108 2687 Haec
2128 2649 2278 2688 locutus

1829 2721 1915 2748 sum
1933 2710 2046 2749 uobis
2066 2711 2170 2761 apud

1827 2784 1899 2813 uos
1915 2785 2080 2812 manens
2096 2794 2105 2804 ·
2135 2772 2164 2795 ²⁴³
2178 2773 2296 2814 Aduo

2311 323 2391 355 Fol.
2409 324 2494 355 236.
