2872 3268
303 213 395 248 xm.
416 213 595 248 16-xv11.
611 212 663 258 9.]

99 332 182 364 Pol.
198 334 278 366 13¹5,
305 334 353 360 ΘΧ
373 329 466 362 tunc
486 335 651 373 regnum

305 385 345 424 di
363 387 648 436 euangelizatur
664 407 673 417 ·

302 455 342 486 et
360 460 499 488 omnes
518 449 611 487 illud
629 455 670 488 ui

301 508 449 550 faciunt
466 532 475 541 ·
493 532 502 542 ·
521 533 528 542 ·
549 511 578 534 ¹⁷
591 512 758 552 Facilius

290 579 431 612 autem
452 575 602 614 caelum
622 582 660 614 et

298 642 440 675 terram
454 638 593 687 preteri

298 710 339 737 re
359 712 478 750 quam
498 700 547 738 de
567 700 652 751 lege

297 773 420 800 unum
440 763 592 812 apicem
611 776 658 801 ca

297 823 388 862 dere
403 845 412 854 ·
456 824 485 846 ¹⁸
501 825 642 865 Omnis
660 827 726 878 qui

296 885 451 926 dimittit
469 900 632 927 uxorem

297 955 336 987 et
355 949 459 988 ducit
478 951 637 990 alteram

297 1013 524 1051 moechatur
539 1035 548 1044 -
591 1015 644 1054 Et

295 1074 362 1125 qui
382 1075 580 1115 dimissam
600 1089 623 1115 a
641 1078 681 1116 ui

293 1148 339 1176 ro
359 1136 465 1176 ducit
483 1139 649 1179 moecha

347 1217 403 1234 m
417 1207 477 1239 tur
491 1219 546 1236 m

253 1259 274 1282 *
291 1259 320 1283 ¹⁹
335 1261 473 1302 Homo
492 1264 652 1315 quidam

254 1323 274 1345 *
291 1332 373 1364 erat
391 1326 500 1365 diues
519 1328 585 1378 qui

253 1386 273 1408 *
290 1387 474 1428 induebat
493 1401 620 1441 purpu

288 1463 374 1489 ram
393 1458 432 1490 et
450 1453 609 1502 byssum

285 1520 324 1552 et
342 1515 593 1566 aepulabatur

287 1602 445 1641 cottidie
460 1603 664 1653 splendide
678 1625 687 1635 ·

284 1661 315 1684 ²⁰
326 1664 421 1703 Erat
444 1672 574 1704 autem
596 1666 755 1717 quidam

285 1727 488 1767 mendicus
509 1730 618 1767 nomi

286 1801 336 1827 ne
356 1789 503 1829 lazarus
523 1792 590 1842 qui
608 1792 645 1830 ia

282 1852 395 1897 cebat
415 1853 465 1891 ad
484 1853 640 1893 ianuam

281 1914 365 1953 eius
410 1915 603 1955 ulceribus

282 1976 421 2026 plenus
475 1977 505 2000 ²¹
520 1980 682 2030 cupiens

279 2040 440 2078 saturari
458 2053 507 2079 ex
526 2041 586 2080 his

280 2114 381 2153 quae
402 2104 594 2143 cadebant
607 2125 616 2135 ·
661 2105 710 2144 de

279 2176 418 2204 mensa
440 2164 564 2206 diuitis
581 2187 591 2198 ·

281 2227 351 2266 sed
370 2234 409 2266 et
427 2241 545 2268 canes
565 2231 656 2269 ueni

281 2290 398 2328 ebant
416 2298 454 2329 et
472 2292 604 2342 lingue

279 2352 374 2391 bant
390 2353 540 2393 ulceras
560 2356 643 2394 eius
659 2376 669 2386 ·

279 2412 308 2434 22
321 2414 483 2454 Factum
503 2424 560 2456 est
580 2422 668 2457 aute

279 2485 323 2517 ut
341 2486 552 2518 moreretur
570 2480 608 2519 la

280 2553 390 2580 zarus
409 2542 610 2581 mendicus
627 2563 635 2573 ·

280 2610 319 2641 et
337 2609 552 2654 portaretur
571 2605 621 2642 ab

279 2666 428 2716 angelis
446 2666 488 2703 in
506 2666 614 2705 sinus

277 2728 445 2767 abrahae
459 2749 468 2759 ·
497 2740 584 2766 mor

277 2797 366 2831 tuus
385 2797 444 2830 est
462 2797 591 2830 autem

1188 207 1423 248 LUCAN-

807 330 845 362 et
863 323 971 362 diues
1031 330 1070 363 et
1090 324 1199 375 sepul

806 393 866 425 tus
885 393 943 425 est
962 387 1002 424 in
1022 387 1120 425 infer

805 461 858 487 no
872 469 881 479 ·
925 447 953 470 ²³
965 450 1136 488 Eleuans
1155 461 1232 488 ocu

803 511 862 550 los
882 523 972 550 suos
992 524 1081 550 cum
1101 524 1143 550 es

803 580 860 612 set
879 574 919 611 in
938 575 1138 613 tormentis
1153 595 1161 605 ·

803 635 911 674 Uidit
930 637 1114 675 abraham
1133 650 1156 675 a

800 699 919 749 longe
972 705 1009 738 et
1027 699 1155 738 lazari]

802 761 843 798 in
863 762 950 799 sinu
970 762 1052 800 eius
1071 763 1178 813 requi

800 830 997 862 escentem
1014 845 1023 854 ·
1042 846 1050 855 -
1099 824 1127 846 ²⁴
1139 825 1189 864 Et

799 886 876 935 ipse
895 885 1067 925 clamans

800 948 895 987 dixit
911 972 920 981 ·
964 956 1073 999 pater

799 1012 985 1051 abraham
1007 1013 1103 1051 mise

798 1086 881 1113 rere
901 1076 979 1113 mei
1026 1075 1077 1113 Et
1096 1076 1167 1114 mit

796 1142 834 1174 te
855 1137 981 1175 lazum
1000 1144 1042 1176 ut
1059 1138 1156 1177 intin

796 1206 889 1249 guat
908 1207 1124 1239 extremum

796 1261 905 1312 digiti
925 1263 982 1301 sui
1001 1263 1040 1301 in
1061 1267 1162 1314 aqua

794 1332 833 1362 et
851 1325 1048 1375 refrigeret
1066 1326 1120 1363 lin

790 1399 909 1437 guam
928 1400 1056 1426 meam
1073 1409 1081 1418 ·
1125 1389 1215 1439 quia

791 1451 941 1488 crucior
959 1450 999 1488 in
1018 1450 1119 1489 hanc

790 1511 950 1551 flamma
964 1533 973 1542 ·
1003 1511 1087 1551 ²⁵Et
1098 1513 1191 1552 dixit
1205 1513 1255 1551 illi

792 1599 964 1638 abrahan
978 1622 986 1631 ·
1027 1601 1102 1639 fili·
1141 1613 1183 1640 re

790 1663 951 1701 cordare
1006 1664 1096 1714 quia
1114 1677 1156 1703 re

792 1726 926 1776 cepisti
945 1727 1051 1764 bona
1070 1727 1109 1764 in
1129 1727 1209 1765 uita

788 1793 854 1826 tua
873 1795 911 1827 et
929 1788 1078 1827 lazarus
1100 1789 1132 1827 si

786 1850 925 1889 militer
944 1851 1044 1889 mala
1061 1872 1069 1881 -
1113 1863 1217 1890 nunc

786 1920 915 1951 autem
934 1913 998 1952 hic
1018 1926 1142 1953 conso

783 1975 881 2014 latur
934 1982 975 2014 tu
994 1988 1089 2014 uero

787 2039 967 2077 cruciaris
980 2059 989 2068 ·
1033 2037 1060 2059 ²⁰
1070 2039 1121 2076 Et
1142 2039 1182 2077 in

783 2101 965 2139 omnibus
993 2101 1090 2139 inter

783 2175 857 2202 nos
876 2170 914 2202 et
932 2176 1004 2202 uos
1023 2163 1143 2202 chaos

784 2238 951 2276 magnus
971 2223 1158 2265 stabilitus

784 2295 843 2327 est
859 2309 867 2318 ·
911 2296 953 2326 ut
968 2288 1006 2326 hi
1027 2289 1092 2339 qui
1110 2301 1158 2327 ue

782 2353 893 2389 niunt
911 2351 988 2390 huc
1003 2358 1087 2389 tran

783 2415 855 2452 sire
876 2426 957 2452 non
976 2418 1154 2464 possunt·

782 2488 909 2527 neque
924 2476 1014 2514 inde
1034 2476 1111 2514 huc

781 2545 1016 2577 transmeare
1034 2559 1043 2568 ·

781 2598 811 2622 ²⁷
822 2601 931 2639 Dixit
950 2607 1079 2638 autem
1098 2612 1198 2649 rogo

779 2675 875 2713 ergo
895 2670 932 2701 te
952 2668 1060 2713 pater
1077 2668 1128 2700 ut.

779 2725 910 2763 mittas
929 2725 1035 2763 illum
1054 2724 1095 2762 in

781 2788 901 2826 domo
921 2787 1039 2838 patris
1058 2785 1135 2824 mei

1341 324 1370 346 ²⁸
1384 323 1527 362 Habeo
1546 324 1650 362 enim
1669 325 1765 376 quin

1342 398 1417 437 que
1437 386 1571 425 fratres
1617 393 1661 425 ut

1341 455 1497 487 testetur
1520 449 1591 487 illis

1340 523 1390 549 ne
1410 517 1448 550 et
1466 511 1540 562 ipsi
1559 511 1719 550 ueniant

1339 574 1379 611 in
1398 573 1528 612 locum
1547 574 1651 613 hunc

1338 641 1618 675 tormentorum

1339 696 1368 720 ²⁹
1380 698 1431 736 Et
1443 699 1494 736 ait
1513 699 1564 737 illi
1580 699 1766 738 abraham
1782 720 1791 730 ·

1337 760 1483 801 habent
1501 774 1678 812 moysem

1336 830 1374 862 et
1394 823 1562 874 profetas
1577 845 1585 854 ·
1629 837 1679 863 au

1338 886 1443 925 diant
1462 887 1548 926 illos
1565 908 1573 917 ·
1616 886 1646 908 ³⁰
1657 894 1695 926 at

1336 948 1397 987 ille
1418 948 1535 987 dixit·
1579 962 1662 988 non
1682 971 1691 980 ·

1336 1018 1444 1060 pater
1462 1012 1645 1050 abraham

1335 1074 1404 1111 sed
1424 1074 1456 1112 si
1475 1075 1556 1125 quis
1576 1088 1624 1113 ex
1644 1087 1730 1115 mor

1333 1136 1407 1174 tuis
1426 1149 1623 1176 resurrexe

1332 1199 1378 1237 rit
1397 1200 1645 1249 persuadebit

1331 1260 1402 1299 illis
1415 1282 1424 1291 ·
1465 1260 1492 1281 ³¹
1504 1262 1556 1300 ait
1574 1268 1704 1301 autem

1329 1323 1381 1361 illi
1398 1344 1406 1353 ·
1439 1324 1470 1362 si
1490 1337 1668 1374 moysem
1687 1331 1725 1363 et

1328 1386 1498 1436 profetas
1517 1399 1599 1425 non
1619 1400 1669 1425 au

1326 1448 1436 1487 diunt
1491 1461 1617 1500 neque
1640 1450 1673 1488 si

1324 1511 1410 1561 quis
1430 1523 1478 1550 ex
1497 1512 1657 1553 mortuis
1673 1533 1683 1542 ·

1325 1598 1374 1636 ad
1394 1598 1478 1637 illos
1498 1599 1634 1638 abierit

1324 1661 1482 1700 credent
1495 1682 1504 1691 ·
1518 1683 1527 1692 ·
1543 1683 1552 1691 ·
1573 1666 1635 1702 17.
1656 1661 1668 1682 ¹
1682 1662 1792 1701 Dixit

1324 1730 1455 1761 autem
1474 1723 1524 1762 ad
1543 1724 1695 1775 discipu

1323 1785 1383 1824 los
1404 1798 1494 1824 suos
1533 1787 1682 1837 inpossi

1323 1848 1398 1886 bile
1418 1854 1476 1887 est
1524 1855 1567 1889 ut
1587 1862 1668 1888 non
1687 1862 1735 1888 ue

1324 1911 1404 1949 niat
1425 1912 1609 1950 scandala

1321 1981 1588 2012 Uerumtamen
1607 1987 1680 2014 uae

1320 2036 1372 2074 illi
1391 2049 1460 2086 per
1479 2049 1596 2087 quem
1615 2037 1706 2076 ueni

1321 2105 1358 2137 et
1372 2120 1381 2128 ·
1424 2098 1437 2118 2
1449 2100 1575 2138 utilius
1595 2104 1682 2138 aute

1319 2167 1378 2200 est
1396 2161 1448 2199 illi
1466 2173 1516 2200 ne
1535 2174 1696 2200 nascere

1320 2230 1380 2262 tur
1397 2245 1406 2254 ·
1447 2231 1512 2263 aut
1533 2224 1630 2275 lapis
1650 2237 1716 2264 mo

1319 2286 1407 2325 laris
1427 2287 1637 2337 inponatur

1319 2349 1422 2388 circa
1442 2350 1584 2388 collum
1603 2349 1702 2389 illius

1318 2418 1356 2449 et
1376 2411 1581 2461 proiciatur
1601 2412 1641 2449 in

1317 2486 1423 2512 mare
1481 2487 1599 2525 quam
1613 2481 1655 2513 ut

1317 2537 1549 2575 scandalizet
1566 2542 1648 2575 uni-1

1317 2599 1364 2637 de
1384 2600 1530 2650 pusillis
1549 2601 1630 2637 istis
1644 2624 1671 2630 -

1315 2661 1330 2681 ³
1342 2661 1551 2700 Adtendite
1570 2662 1682 2700 uobis

1317 2724 1349 2762 si
1369 2730 1499 2762 autem
1517 2736 1688 2773 peccaue

1316 2786 1364 2824 rit
1381 2787 1423 2824 in
1442 2793 1479 2825 te
1500 2786 1615 2825 frater
1634 2793 1724 2827 tuus

2257 225 2311 267 99

1845 325 2005 375 increpa
2024 325 2131 365 illum
2153 348 2160 358 ·
2200 335 2237 367 et

1844 388 1876 425 si
1894 388 2146 438 penitentiam
2165 390 2215 429 ha

1843 450 1968 488 buerit
2011 451 2158 490 dimitte
2178 453 2202 490 il

1842 512 1869 550 li
1885 533 1894 542 ·
1939 512 2003 551 4et
2024 514 2056 551 si
2076 515 2219 565 septies
2239 517 2278 555 in

1842 574 1904 613 die
1923 578 2143 626 peccauerit
2161 578 2201 615 in

1841 643 1878 675 te
1934 644 1972 677 et
1992 640 2161 689 septiens
2181 653 2259 680 con

1839 711 1974 738 uersus
1994 701 2105 740 fuerit
2124 703 2174 741 ad

1838 767 1876 799 te
1932 763 2065 802 dicens
2085 766 2229 814 penitet

1838 835 1903 862 me
1959 825 2103 865 dimitte
2123 827 2175 865 illi
2190 848 2200 858 ·

1836 885 1851 906 ¹⁵
1863 886 1914 925 Et
1933 887 2110 927 dixerunt
2129 889 2180 928 illi
2201 903 2225 929 a

1836 950 1979 998 postoli
1996 971 2004 980 ·
2049 951 2125 989 dfie
2145 952 2196 990 ad

1837 1023 1936 1062 auge
1956 1014 2070 1051 nobis
2090 1014 2207 1053 fidem
2224 1036 2233 1045 ·

1836 1074 1911 1112 6Ει
1932 1075 2026 1113 dixit
2049 1076 2119 1115 illis
2181 1078 2213 1116 si
2232 1078 2284 1117 ha

1834 1137 1990 1176 bueritis
2009 1138 2127 1177 fidem

1833 1199 1930 1237 sicut
1950 1212 2115 1250 granum
2133 1202 2166 1240 si

1832 1262 1945 1311 napis
1991 1263 2169 1304 diceretis

1832 1322 1920 1367 huic
1940 1326 2066 1364 arbori
2085 1339 2152 1366 mo

1830 1398 1874 1424 ro
1921 1388 2116 1428 eradicare

1830 1454 1868 1486 et
1887 1451 2166 1500 transplantare

1826 1510 1866 1547 in
1885 1523 1990 1553 mare
2046 1515 2176 1565 utique

1827 1599 2049 1639 obaudisset
2067 1603 2180 1641 uobis
2193 1624 2203 1633 ·

1826 1660 1840 1681 ⁷
1853 1661 1952 1708 Quis
1971 1669 2100 1702 autern
2120 1671 2250 1706 uestra

1825 1722 1973 1763 habens
1995 1737 2151 1765 seruum

1826 1792 2022 1825 arantem·
2058 1795 2124 1827 aut
2143 1802 2239 1829 oues

1824 1856 2050 1897 pascentem
2096 1852 2158 1890 cui

1824 1912 2055 1960 regredienti
2075 1913 2123 1952 de
2144 1927 2167 1953 a

1823 1985 1895 2023 gro
1943 1974 2045 2013 dicet
2064 1975 2115 2013 illi
2135 1977 2256 2016 transi

1822 2036 2006 2074 recumbe
2022 2057 2031 2066 ·
2079 2037 2092 2058 ⁸
2109 2038 2188 2077 Sed

1822 2096 1924 2135 dicet
1942 2098 1995 2136 illi
2013 2111 2107 2149 para
2125 2100 2218 2142 mihi

1822 2160 1930 2210 quod
1951 2173 2113 2201 caenern
2129 2184 2138 2193 ·
2185 2163 2237 2203 Et

1822 2222 2006 2272 precinge
2025 2230 2061 2262 te
2081 2231 2119 2264 et
2138 2226 2192 2265 mi

1823 2285 1940 2322 nistra
1961 2286 2054 2323 mihi
2076 2287 2203 2327 donec

1822 2347 2059 2386 manducem
2079 2356 2117 2387 et
2136 2350 2175 2388 bi

1821 2410 1913 2447 bam
1960 2417 1996 2448 et
2014 2419 2104 2460 post
2123 2412 2220 2452 haec

1820 2477 1861 2508 tu
1879 2473 2131 2513 manducabis

1820 2540 1858 2571 et
1876 2535 1985 2573 bibes
2017 2536 2031 2557 ⁹
2044 2538 2234 2589 numquid

1818 2596 1980 2645 gratiam
1999 2597 2116 2640 habet

1818 2669 1954 2697 seruus
1973 2661 2078 2711 quod
2097 2662 2134 2702 fe

1817 2720 1869 2758 cit
1891 2733 1990 2772 quae
2009 2724 2080 2763 sibi
2098 2725 2203 2776 impe

1816 2789 1897 2825 rata
1912 2792 2001 2829 sunt
2014 2807 2024 2816 ·
2057 2799 2139 2826 non
2152 2795 2250 2839 puto

2024 2888 2091 2915 02

2329 338 2409 370 1¹01.
2426 341 2508 372 136.
