2872 3268
115 322 196 355 ποι.
216 323 294 355 115.
311 310 418 360 pacis
432 330 441 340 ·
484 310 686 361 requiescit

310 199 353 232 X.
368 196 490 241 6—34.]

812 310 938 351 factae
957 319 1046 351 sunt
1060 333 1068 343 ·
1113 313 1207 352 olim

811 373 851 412 in
871 374 996 413 cilicio
1016 382 1054 414 et
1073 376 1200 415 cinere

810 437 1086 486 paenitentiam
1103 438 1268 488 egissent

809 499 1120 538 ¹⁴Uerumtamen
1139 507 1224 551 tyro
1239 507 1277 539 et

810 561 937 600 sidoni
956 563 996 600 in
1016 563 1160 601 iudicio
1180 569 1221 602 to

809 623 1001 663 lerabilius
1020 625 1089 663 erit
1108 632 1217 676 qua-

809 686 922 725 uobis
937 707 944 716 ·
961 708 969 716 ·
985 708 993 717 ·
1010 686 1092 725 15Εῖ
1106 693 1148 725 tu
1160 700 1276 738 caper

808 760 926 786 naum
947 761 1046 800 quae
1064 761 1186 801 usque
1206 750 1256 788 ad

809 811 960 849 caelum
980 812 1146 851 exaltata
1164 824 1206 851 es

806 885 929 924 usque
949 874 986 912 in
1007 874 1198 913 infernum

808 935 1042 986 demergeris
1059 958 1067 967 -
1083 958 1139 965 —

806 997 994 1045 ¹⁶Quiuos
1002 1000 1106 1038 audit
1114 1012 1176 1038 me
1184 1000 1288 1039 audit

806 1068 844 1100 et
865 1062 930 1113 qui
949 1075 1022 1101 uos
1043 1064 1187 1114 spernit

805 1137 868 1163 me
889 1126 1033 1175 spernit
1081 1127 1146 1177 qui
1167 1138 1216 1165 au

805 1193 884 1226 tem
904 1200 966 1227 me
986 1189 1130 1238 spernit

804 1251 949 1300 spernit
968 1263 1058 1289 eum
1092 1251 1158 1302 qui
1178 1264 1241 1290 me

803 1314 905 1352 misit
919 1335 927 1344 -
970 1313 1000 1335 ¹⁷
1012 1315 1151 1352 reuersi
1171 1321 1255 1353 sunt

803 1382 932 1414 autem
953 1377 1198 1426 septuaginta

802 1451 891 1477 cum
910 1439 1054 1489 gaudio
1074 1440 1186 1478 dicen

799 1506 856 1539 tes
870 1521 878 1531 ·
914 1502 989 1540 dr'1e
1009 1502 1124 1539 etiam
1145 1502 1217 1540 dae

800 1565 934 1602 monia
953 1565 993 1602 in
1013 1565 1172 1602 nomine
1192 1571 1254 1603 tu0

799 1638 873 1664 nos
886 1627 1062 1665 audiunt·
1078 1625 1106 1647 ¹⁸
1116 1627 1265 1666 dixitau

311 384 427 423 super
446 373 554 411 illum
572 386 649 424 pax

308 442 436 474 uestra
450 457 459 466 ·
500 431 560 475 sin
580 439 668 475 aute

307 509 423 548 super
442 511 515 537 uos
534 511 643 537 reuer

306 566 406 598 tetur
422 582 431 591 ·
462 561 476 582 ⁷
490 562 531 599 in
551 554 688 600 eadem

306 629 437 661 autem
457 623 578 662 domo
597 637 662 663 ma

306 691 394 724 nete
414 686 595 726 aedentes
615 693 653 725 et

303 748 482 788 bibentes
502 762 601 800 quae
621 762 645 788 a

302 811 384 860 pud
403 811 489 851 illos
509 818 596 851 sunt
613 833 622 842 ·

303 873 445 923 dignus
464 882 522 913 est
541 876 645 913 enim

300 937 497 986 operarius
517 950 599 976 mer

301 999 398 1038 cede
418 1011 487 1038 sua
508 1021 516 1030 ·
559 1000 690 1039 Nolite

299 1063 459 1101 transire
481 1063 528 1102 de
548 1063 666 1102 domo

300 1125 341 1162 in
361 1125 523 1164 domum
541 1147 550 1156 ·
581 1126 642 1164 ⁸et
662 1126 702 1164 in

299 1200 547 1240 quacumque
568 1189 620 1228 do

299 1263 408 1288 mum
425 1252 606 1291 intraueri

298 1314 346 1352 tis
366 1321 404 1352 et
421 1315 643 1365 acceperint

298 1388 374 1415 uos
394 1377 627 1416 manducate

298 1451 542 1490 quecumque
563 1439 670 1490 adpo

298 1508 443 1539 nuntur
461 1503 573 1540 uobis
589 1523 598 1532 ·
628 1503 642 1524 ⁹
654 1503 705 1541 Et

297 1571 427 1603 curate
446 1565 618 1604 infirmos

296 1628 363 1678 qui
383 1628 423 1665 in
443 1628 506 1666 illa
525 1634 614 1666 sunt

295 1721 334 1754 et
353 1715 468 1754 dicite
487 1716 560 1754 illis
581 1716 705 1766 adpro
799 1720 878 1752 tem
891 1714 962 1753 illis
995 1715 1171 1753 uideba-

294 1778 416 1829 piauit
435 1779 475 1816 in
494 1791 568 1817 uos
587 1784 709 1830 regnu
799 1784 962 1816 satanan
983 1778 1081 1816 sicut
1101 1778 1153 1817 ful

295 1841 354 1879 di·
370 1862 378 1871 ·
397 1839 448 1871 ·¹⁰
463 1841 502 1879 in
516 1854 763 1893 quacumque
798 1852 871 1890 gur
890 1841 938 1879 de
958 1841 1042 1879 celo
1063 1841 1186 1879 eaden

295 1894 422 1941 autem
445 1904 598 1943 ciuitate
620 1905 718 1943 intra
798 1910 877 1941 tem
891 1924 900 1932 ·
930 1902 958 1924 ¹⁹
973 1904 1024 1941 Et
1044 1916 1112 1942 cce
1134 1904 1222 1943 dedi

294 1966 424 2004 ueritis
462 1972 500 2004 et
520 1979 601 2005 non
621 1980 707 2006 rece
796 1966 910 2004 uobis
930 1970 1124 2016 potestate

293 2029 419 2078 perint
438 2041 511 2068 uos
525 2050 534 2059 ·
575 2036 761 2068 exeuntes
796 2029 970 2068 calcandi
991 2041 1105 2079 super
1124 2042 1184 2069 ser

292 2091 334 2129 in
354 2091 488 2141 plateis
509 2092 590 2130 eius
610 2092 726 2131 dicite
795 2099 932 2142 pentes
951 2098 988 2130 et
1008 2093 1135 2142 Scorpi

291 2151 319 2174 ²¹
332 2154 448 2192 etiam
467 2155 665 2204 puluerem
681 2155 747 2206 qui
794 2166 891 2193 ones
908 2175 917 2185 ·
959 2161 996 2193 et
1016 2167 1130 2205 supra

293 2216 441 2255 adhesit
460 2218 573 2256 nobis
594 2218 642 2256 de
663 2218 737 2256 ciui
794 2228 954 2256 omnem
976 2218 1151 2256 uirtutem

291 2284 368 2318 tate
387 2286 515 2318 uestra
534 2280 574 2317 in
594 2280 728 2330 pedibs
793 2280 937 2319 inimici
951 2301 959 2310 ·
1003 2288 1039 2319 et
1059 2281 1152 2319 nihil

291 2342 526 2392 extergimus
546 2343 585 2380 in
605 2344 717 2381 uobis
731 2364 741 2373 ·
793 2355 866 2381 uos
886 2344 1044 2382 nocebit
1056 2366 1110 2372 —

291 2403 446 2442 Tamen
459 2405 533 2443 hoc
547 2406 682 2443 scitote
690 2405 781 2455 quia
793 2404 821 2425 ²⁰
834 2405 1115 2444 Uerumtamen
1134 2406 1173 2443 in

290 2467 536 2517 adpropiauit
554 2472 677 2518 regnu
793 2467 870 2506 hoc
890 2468 1007 2506 nolite
1026 2469 1152 2518 gaude

292 2530 332 2568 di
344 2550 352 2559 ·
373 2528 490 2568 ”dico
505 2537 634 2568 autem
648 2531 760 2569 uobis
794 2543 834 2568 re
854 2531 944 2581 quia
964 2534 1030 2580 sps
1049 2532 1162 2569 uobis

291 2591 398 2642 quod
416 2591 590 2630 sodomis
610 2599 647 2630 et
665 2605 718 2643 go
795 2593 950 2631 subiecti
970 2599 1058 2630 sunt
1075 2613 1084 2622 ·
1127 2592 1214 2632 Gau

290 2666 440 2692 morrae
460 2654 693 2693 tolerabilius
793 2655 882 2693 dete
902 2662 1032 2693 autem
1051 2655 1157 2706 quod

290 2717 360 2754 erit
380 2716 419 2753 in
439 2716 501 2754 die
520 2716 583 2754 illa
602 2729 719 2767 quam
792 2717 953 2755 nomina
970 2723 1097 2755 uestra

292 2778 437 2817 ciuitati
457 2778 519 2816 illa
533 2799 541 2808 ·
562 2778 677 2817 ¹³Uae
690 2780 757 2817 tibi
792 2780 933 2829 scripta
954 2786 1042 2817 sunt
1061 2780 1100 2817 in
1120 2779 1205 2818 celo
1220 2800 1229 2810 ·

291 2842 487 2880 corazain·
501 2853 572 2879 uae
585 2842 653 2879 tibi
666 2842 757 2880 beth
791 2839 818 2861 ²¹
833 2841 879 2879 In
899 2843 983 2892 ipsa
1002 2842 1098 2880 hora
1117 2843 1247 2881 exulta

289 2903 399 2941 saida
411 2924 420 2933 ·
450 2903 541 2953 quia
557 2903 588 2940 si
604 2903 643 2941 in
655 2910 740 2954 tyro
790 2904 845 2941 uit
863 2905 903 2942 in
924 2907 997 2954 spu
1015 2904 1074 2942 ihs
1092 2911 1131 2943 et

287 2971 325 3004 et
344 2965 478 3003 sidone
499 2965 623 3003 factae
642 2966 716 3004 fuis
791 2966 886 3004 dixit
902 2987 911 2997 ·
961 2967 1164 3006 Confiteor

290 3034 375 3066 sent
388 3028 547 3066 uirtutes
560 3040 636 3079 que
649 3028 689 3066 in
704 3040 756 3067 uo
790 3028 858 3066 tibi
877 3035 987 3079 pater
1005 3029 1080 3068 dfie

641 3091 701 3128 bis

1196 194 1429 235 LUCAN·

2261 195 2314 248 89

1348 313 1443 352 caeli
1463 319 1501 352 et
1520 320 1639 354 terrae
1655 335 1663 344 ·

1347 376 1453 427 quod
1472 377 1682 416 abscondis

1345 439 1373 476 ti
1392 438 1489 477 haec
1509 451 1532 477 a
1551 440 1765 490 spientibus

1345 507 1382 540 et
1401 501 1655 551 prudentibus

1344 569 1382 602 et
1400 563 1576 603 reuelasti
1595 576 1642 602 ea
1661 576 1731 615 par

1342 625 1442 663 uulis
1456 646 1465 655 ·
1509 626 1572 664 Ita
1591 633 1700 677 pater

1342 688 1432 738 quia
1452 688 1506 728 sic
1526 689 1633 727 bona
1651 689 1772 727 uolun

1341 756 1400 789 tas
1421 750 1487 789 fuit
1506 758 1595 790 ante
1615 758 1652 790 te
1667 772 1675 782 ·

1341 810 1370 832 ²²
1381 812 1432 854 Et
1452 826 1664 853 conuersus
1684 814 1734 853 ad
1749 814 1808 854 dis

1341 875 1490 926 cipulos
1510 889 1601 915 suos
1621 877 1685 915 dix

1340 938 1388 976 sit
1407 939 1540 978 omnia
1560 940 1654 978 mihi

1339 1001 1478 1039 tradita
1497 1008 1586 1040 sunt
1605 1014 1628 1040 a
1647 1014 1698 1053 pa

1340 1069 1396 1101 tre
1416 1075 1506 1103 meo
1552 1064 1604 1103 Et
1623 1077 1741 1104 nemo

1341 1126 1412 1164 scit
1431 1127 1496 1177 qui
1519 1133 1578 1166 est
1598 1127 1696 1165 filius

1340 1189 1413 1226 nisi
1433 1196 1542 1239 pater
1556 1210 1565 1220 ·
1608 1190 1659 1228 Et
1679 1191 1766 1242 quis

1339 1251 1447 1289 nouit
1466 1258 1614 1302 patrem
1634 1253 1706 1291 nisi

1339 1313 1437 1352 filius
1454 1335 1462 1344 ·
1504 1322 1542 1354 et
1562 1316 1623 1353 eui
1642 1316 1736 1354 uolu
1774 1317 1776 1319 ’

1338 1377 1406 1415 erit
1425 1377 1522 1415 filius
1541 1378 1709 1417 reuelare

1337 1437 1365 1460 ²³
1378 1439 1429 1477 Et
1449 1452 1659 1479 conuersus
1675 1441 1724 1479 ad
1744 1442 1803 1480 dis

1336 1502 1486 1552 cipulos
1506 1515 1679 1541 seorsum

1335 1564 1429 1602 dixit
1446 1585 1454 1594 ·
1470 1585 1477 1594 ·
1493 1586 1501 1595 ·
1532 1565 1641 1604 Beati
1656 1566 1707 1604 ita

1333 1639 1408 1677 que
1427 1627 1528 1666 oculi
1583 1629 1648 1679 qui
1667 1629 1756 1668 uide

1849 383 1887 414 et
1905 377 1945 414 in
1965 383 2047 415 tota
2065 377 2204 416 uirtute
2223 384 2283 434 tua
2301 399 2311 409 ·

1847 445 1885 477 et
1903 446 1985 478 tota
1998 446 2131 478 mente
2145 447 2211 478 tua
2224 461 2233 470 ·

1846 507 1884 540 et
1902 502 2124 552 proximum
2143 510 2244 541 tuu‘-

1845 564 1943 603 sicut
1961 565 2130 616 teipsum

1843 625 1871 647 ²⁸
1885 627 1992 666 Dixit
2010 635 2138 667 autem
2158 628 2212 667 illi
2226 628 2284 668 ihs
2299 650 2309 660 ·

1842 697 1946 728 recte
1965 691 2195 741 respondisti
2209 712 2218 722 ·

1842 750 1918 790 hoc
1938 752 2000 791 fac
2019 759 2058 791 et
2076 754 2184 792 uiues
2198 775 2254 783 —

1842 812 1870 835 ²⁹
1883 814 1952 853 Ille
1972 822 2101 853 autem
2117 816 2256 855 uolens

1841 876 2044 916 iustificare
2060 878 2223 929 seipsum

1841 939 1936 978 dixit
1955 940 2005 979 ad
2023 940 2103 979 ihm
2117 961 2126 971 ·
2166 947 2204 979 et
2222 941 2309 992 quis

1841 1008 1899 1040 est
1918 1014 2028 1041 meus
2047 1003 2249 1053 proximus

1840 1063 1870 1084 ⁸⁰
1885 1063 2107 1115 Suscipiens
2126 1072 2256 1104 autem

1840 1126 1899 1164 ihs
1919 1127 2013 1165 dixit
2027 1148 2036 1157 ·
2052 1149 2060 1157 -
2076 1149 2084 1158 -
2116 1127 2239 1167 homo

1839 1189 1995 1239 quidam
2016 1189 2209 1229 descende

1838 1252 1906 1289 bat
1924 1252 1973 1290 ab
1993 1251 2221 1291 hierusalem

1838 1313 1878 1351 in
1898 1312 2039 1353 hierico
2059 1322 2096 1353 et
2115 1315 2250 1354 incidit

1838 1376 1877 1414 in
1897 1376 2062 1416 latrones
2100 1378 2166 1428 qui
2185 1378 2260 1416 etia

1838 1439 2139 1489 dispoliauerunt
2158 1440 2224 1479 illu
2237 1461 2247 1471 ·

1835 1501 1886 1539 Et
1905 1502 2028 1552 plagis
2048 1503 2210 1553 inpostis

1834 1565 2023 1603 semiuiuo
2042 1565 2175 1604 relicto

1832 1628 2007 1666 abierunt
2020 1650 2076 1656 —

1335 1721 1424 1752 runt
1441 1727 1539 1766 quae
1558 1716 1695 1754 uidetis
1712 1737 1721 1747 ·
1834 1711 1862 1735 ³¹
1876 1714 1908 1752 F
1909 1715 2049 1754 ortuito
2069 1715 2251 1755 sacerdos

1334 1777 1466 1816 ²“Dico
1474 1778 1577 1817 enim
1585 1779 1696 1817 uobis
1704 1780 1810 1830 quod
1834 1777 1993 1827 quidam
2013 1778 2206 1817 descende

1334 1840 1445 1878 multi
1465 1841 1635 1890 profetae
1682 1849 1720 1880 et
1740 1843 1799 1882 ius
1834 1840 1899 1877 bat
1918 1839 2055 1878 eadem
2074 1840 2138 1879 uia
2194 1847 2233 1879 et

1334 1903 1360 1940 ti
1383 1903 1585 1941 uoluerunt
1602 1904 1731 1943 uidere
1833 1902 1920 1940 uiso
1939 1902 2004 1940 illo
2024 1903 2213 1953 praeteriit
2229 1924 2239 1934 ·

1334 1977 1434 2015 quae
1452 1978 1525 2004 uos
1543 1966 1682 2004 uidetis
1729 1973 1768 2005 et
1833 1962 1862 1984 ⁸²
1875 1965 2055 2003 Similiter
2073 1972 2110 2003 et
2129 1966 2244 2004 leuita

1334 2039 1415 2064 non
1434 2028 1611 2066 uiderunt
1626 2050 1634 2058 -
1675 2029 1726 2067 Et
1833 2039 1924 2065 cum
1943 2034 2044 2065 esset
2065 2040 2177 2067 secus

1333 2090 1464 2128 audire
1485 2102 1583 2141 quae
1602 2103 1675 2130 uos
1695 2104 1744 2130 au
1833 2089 1965 2128 locum
1983 2091 2145 2129 ueniens

1333 2152 1419 2190 ditis
1439 2159 1476 2190 et
1496 2165 1577 2191 non
1596 2154 1707 2192 audie
1832 2158 1870 2190 et
1884 2153 2021 2191 uidens
2040 2165 2130 2191 eum
2149 2167 2217 2205 per

1331 2222 1418 2253 runt
1432 2237 1440 2245 ·
1457 2218 1480 2256 †
1498 2234 1506 2241 ·
1528 2214 1557 2236 ²⁵
1568 2217 1620 2254 Et
1641 2229 1734 2256 ecce
1830 2216 1978 2253 transiit
1994 2236 2003 2245 ·
2019 2236 2027 2245 ·
2042 2237 2051 2245 ·
2083 2216 2111 2237 ³⁸
2128 2216 2245 2255 Sama

1331 2278 1488 2328 quidam
1508 2278 1602 2328 legis
1622 2280 1702 2330 peri
1829 2278 1974 2317 ritanus
1994 2284 2123 2317 autem
2142 2280 2208 2330 qui

1330 2347 1390 2378 tus
1411 2342 1573 2379 surrexit
1590 2349 1670 2380 tem
1829 2339 1919 2378 dam
1975 2341 2045 2380 iter
2063 2341 2209 2380 faciens

1331 2409 1417 2442 tans
1437 2404 1542 2442 illurn
1563 2411 1600 2443 et
1620 2405 1754 2443 dicens
1772 2425 1780 2435 ·
1828 2404 1935 2442 uenit
1954 2399 2066 2442 secus
2086 2416 2177 2442 eum
2194 2425 2203 2434 ·

1331 2466 1513 2516 magister
1532 2467 1624 2517 quid
1645 2467 1683 2506 fa
1773 2495 1775 2497 -
1830 2472 1868 2504 et
1886 2465 2024 2503 uidens
2043 2467 2174 2506 miseri

1330 2528 1470 2566 ciendo
1489 2529 1608 2568 uitam
1628 2538 1732 2569 aeter
1829 2528 1962 2566 cordia
1981 2536 2111 2568 motus
2131 2536 2189 2568 est
2205 2550 2214 2560 ·

1330 2603 1422 2629 nam
1441 2592 1651 2641 possidebo
1665 2613 1704 2623 --
1828 2590 1910 2629 ⁸⁴Et
1923 2591 2112 2630 accedens
2125 2592 2295 2642 alligauit

1329 2651 1357 2674 ²⁶
1369 2654 1421 2692 At
1436 2654 1496 2692 ille
1513 2655 1606 2693 dixit
1620 2655 1669 2693 ad
1681 2667 1771 2694 eum
1785 2675 1794 2685 ·
1827 2654 1987 2692 uulnera
2009 2654 2090 2692 eius
2145 2655 2187 2692 in

1330 2716 1370 2754 in
1389 2717 1474 2766 lege
1494 2717 1586 2767 quid
1602 2717 1702 2755 scrib
1827 2716 1994 2755 fundens
2013 2717 2143 2755 oleum
2161 2723 2199 2756 et

1328 2786 1409 2818 tum
1430 2786 1487 2817 est
1528 2779 1729 2829 quomodo
1825 2779 1963 2816 uinum
2003 2779 2055 2817 Et
2073 2780 2168 2829 inpo

1328 2842 1424 2891 legis
1438 2862 1447 2872 ·
1476 2840 1506 2863 ²⁷
1518 2842 1570 2879 At
1589 2842 1649 2880 ille
1664 2854 1724 2880 res
1827 2854 1925 2880 nens
1945 2842 2050 2880 illum
2071 2841 2110 2880 in
2130 2843 2170 2881 iu

1327 2904 1506 2955 pondens
1525 2904 1620 2942 dixit
1637 2925 1646 2935 ·
1686 2905 1738 2943 Di
1826 2911 2001 2943 mentum
2021 2916 2133 2943 suum
2153 2926 2162 2936 ·
2202 2905 2254 2946 Et

1326 2967 1421 3017 liges
1437 2966 1530 3005 dfim
1551 2967 1617 3005 dm
1636 2972 1706 3006 tufi
1826 2967 1934 3005 duxit
1953 2967 2003 3005 ad
2022 2968 2215 3006 stabulum
2229 2989 2238 2999 ·

1324 3029 1365 3068 in
1384 3036 1468 3068 toto
1488 3029 1605 3068 corde
1623 3037 1690 3069 tuo
1826 3030 1878 3070 Et
1897 3042 2031 3070 curam
2049 3031 2130 3069 eius
2150 3031 2228 3081 egit

2046 3106 2071 3134 N

1849 313 1900 352 Et
1918 314 1958 352 in
1978 320 2060 353 tota
2081 315 2210 353 anima
2225 321 2290 354 tua
2303 336 2312 346 ·
2331 327 2413 361 ποι.
2429 330 2506 362 116.
