2872 3268
348 377 431 412 1⁸01.
443 380 525 414 207.

560 236 619 278 44

1413 222 1728 271 SECUNDIJ·

557 371 587 394 ²⁶
599 372 649 411 Et
667 373 758 412 fecit
782 375 888 425 quasi
913 374 1029 425 flagel
1065 374 1331 414 Rememorati
1351 381 1440 414 sunt

558 435 639 473 lum
660 437 708 475 de
728 438 906 476 resticula
922 458 931 467 ·

556 504 596 537 et
615 511 754 538 omnes
774 500 885 538 eiecit

556 560 606 599 de
625 562 772 611 templo
786 583 795 592 ·
836 574 931 601 oues

556 629 593 661 et
613 623 735 663 boues
754 625 909 663 uenden

553 692 611 724 tes
628 707 636 716 ·
678 693 715 724 et
734 699 895 724 nummu

551 747 732 786 lariorum
752 747 885 787 effudit

550 811 735 860 pecunias
751 831 760 841 ·
804 818 842 850 et
861 824 952 850 euer

549 872 594 910 tit
612 885 767 912 mensas
786 878 879 913 eorfi
900 895 908 904 ·

548 933 633 973 ¹⁶Et
647 935 702 973 eis
718 936 784 986 qui
804 937 1005 976 columbas

548 997 771 1036 uendebant
786 1019 795 1028 ·
839 999 936 1037 dixit

549 1059 694 1098 Tollite
714 1060 788 1099 hec
807 1061 899 1101 hinc
913 1083 922 1092 ·

547 1129 586 1159 et
606 1123 725 1160 nolite
746 1123 872 1163 facere

546 1184 709 1223 domum
728 1187 847 1235 patris

544 1247 621 1285 mei
642 1248 804 1287 domum
823 1262 873 1288 ne

543 1310 770 1359 gotiationis
787 1332 796 1341 ·
841 1311 870 1334 1⁷
879 1311 931 1352 Et

543 1375 840 1412 commemorati
861 1381 950 1414 sunt

541 1433 720 1485 discipuli
740 1436 821 1476 eius

541 1501 637 1547 qsim
657 1498 843 1548 scriptum
863 1508 921 1539 est

541 1559 656 1599 zelus
676 1560 817 1601 domus
837 1569 924 1602 tuae

1063 437 1241 487 discipuli
1260 438 1341 476 eius
1356 459 1364 468 ·
1397 443 1492 489 qum

1060 499 1135 538 hoc
1155 499 1308 539 dicebat
1321 521 1330 530 ·
1373 507 1412 539 et
1432 513 1496 540 cre

1059 561 1237 601 diderunt
1256 563 1399 601 scribtu

1057 636 1121 662 rae
1142 630 1179 662 et
1197 626 1319 664 uerbo
1340 625 1440 675 qu0d

1055 686 1204 725 dixerat
1223 687 1282 726 ihs
1295 708 1304 718 ·
1345 686 1374 709 ²³
1387 688 1487 745 Cum

1055 754 1184 788 autem
1204 756 1306 789 esset
1326 750 1388 789 hie
1457 790 1462 794 ,

1052 812 1260 862 rosolymis
1305 814 1347 852 in
1367 814 1428 853 die

1054 873 1154 913 festo
1174 888 1318 925 pascae
1335 897 1344 906 ·
1388 876 1469 915 mul

1053 937 1081 975 ti
1101 938 1350 977 crediderunt
1369 939 1409 977 in

1052 1000 1213 1039 nomine
1232 1001 1314 1039 eius
1331 1022 1340 1031 ·
1380 1002 1420 1040 ui

1053 1062 1189 1102 dentes
1209 1063 1308 1102 illius
1328 1064 1387 1114 sig

1053 1137 1104 1163 na
1124 1137 1200 1176 que
1220 1126 1387 1166 faciebat
1402 1147 1411 1157 -

1052 1250 1235 1289 credebat
1255 1264 1296 1290 se
1317 1252 1390 1291 illis
1406 1273 1416 1282 ·

1052 1325 1100 1352 eo
1120 1313 1227 1364 quod
1246 1326 1386 1353 omnes
1406 1326 1480 1353 nos

1049 1383 1108 1415 set
1121 1397 1130 1407 ·
1174 1375 1203 1398 ²⁵
1215 1382 1257 1416 et,
1273 1381 1368 1427 qfim
1388 1390 1470 1417 non

1048 1451 1208 1478 necesse
1227 1439 1397 1479 habebat

1046 1508 1088 1540 ut
1107 1501 1243 1552 aliquis
1262 1502 1417 1542 testimo

1045 1564 1154 1603 nium
1173 1565 1364 1615 periberet

539 1711 709 1751 eomedit
720 1711 1027 1765 me··¹⁸Respon
1047 1715 1096 1754 de
1116 1715 1277 1754 homine
1294 1736 1303 1746 ·
1345 1716 1429 1766 ipse

540 1773 679 1812 derunt
698 1787 794 1825 ergo
815 1775 935 1814 iudei·

539 1843 578 1874 et
597 1837 774 1876 dixerunt
794 1838 830 1876 ei
847 1859 856 1868 -

539 1898 661 1946 Quod
681 1900 836 1949 signum
855 1908 969 1940 osten
1012 1905 1080 1943 *3.
1109 1902 1224 1941 1Erat
1242 1909 1371 1941 autem
1391 1902 1513 1942 homo

538 1962 607 2000 des
628 1963 743 2002 nobis
799 1968 893 2014 qfim
914 1964 987 2004 hec
1010 1964 1031 1988 *

1044 1778 1150 1816 enim
1170 1778 1318 1817 sciebat
1337 1778 1431 1828 quid

1043 1846 1141 1879 esset
1160 1840 1201 1878 in
1219 1839 1381 1879 homine
1397 1861 1406 1870 ·
1418 1863 1474 1868 —

1041 1979 1090 2005 ex
1109 1965 1283 2004 farisaeis
1299 1985 1308 1995 ·
1352 1965 1394 2003 ni

537 2023 633 2063 facis
649 2045 658 2055 ·
698 2023 727 2046 ¹⁹
743 2025 964 2076 Respondit
1011 2028 1231 2068 *eodemus
1251 2039 1400 2066 nomen

538 2087 597 2125 ihs
616 2093 655 2125 et
675 2087 772 2126 dixit
791 2088 863 2127 illis
877 2110 886 2119 ·

539 2148 685 2188 Soluite
704 2150 895 2200 templum

535 2210 612 2249 hoc
631 2217 668 2249 et
688 2211 728 2249 in
749 2212 867 2250 tribus
887 2212 926 2251 di

536 2274 632 2312 ebus
652 2274 847 2313 suscitabo
866 2275 892 2312 il

537 2336 626 2374 lud·
667 2334 896 2376 ²⁰Dixerunt

536 2410 630 2448 ergo
651 2398 753 2437 iudei
773 2399 920 2449 quadra

535 2461 644 2509 ginta
663 2467 701 2499 et
721 2474 788 2500 sex
809 2462 923 2500 annis

535 2523 779 2562 aedificatum
798 2530 857 2563 est
876 2531 955 2563 tem

534 2584 643 2633 plum
663 2585 739 2625 hoc
790 2593 827 2625 et
846 2586 884 2625 in
905 2587 953 2625 tri

536 2646 613 2684 duo
633 2649 836 2687 suscitabis
856 2649 947 2688 illud
963 2671 972 2680 ·

535 2706 563 2728 ²¹
577 2707 645 2746 Ille
665 2716 792 2748 autem
811 2711 967 2751 dicebat

537 2768 585 2806 de
604 2771 749 2820 templo
768 2774 942 2822 corporis

536 2830 617 2867 sui·
659 2829 688 2850 ²²
700 2844 789 2870 cum
808 2843 901 2884 ergo
922 2848 963 2875 re

536 2893 697 2931 surrexit
716 2906 739 2931 a
758 2897 917 2934 mortuis

1013 2092 1125 2130 *eius
1142 2112 1151 2121 ·
1192 2091 1376 2142 princeps

1013 2152 1271 2192 *iudaeorum
1289 2173 1298 2183 ·

1339 2151 1354 2172 ²
1365 2152 1428 2191 hic

1041 2217 1149 2255 uenit
1169 2215 1218 2254 ad
1237 2215 1346 2253 illum
1365 2227 1443 2254 noc

1041 2284 1104 2315 tu·
1138 2284 1176 2316 et
1195 2277 1292 2316 dixit
1310 2277 1387 2315 illi·
1422 2278 1491 2316 rab

1040 2339 1080 2377 bi
1097 2360 1106 2369 ·
1147 2339 1293 2378 scimus
1308 2343 1402 2389 qsim
1418 2352 1441 2378 a
1457 2340 1507 2378 do

1039 2402 1179 2440 uenisti
1198 2401 1381 2451 magister
1397 2422 1405 2431 -

1040 2475 1158 2502 nemo
1178 2463 1283 2502 enim
1302 2462 1400 2502 haec
1421 2464 1480 2515 sig

1038 2538 1090 2564 na
1109 2526 1235 2565 facere
1254 2531 1384 2576 potest

1038 2600 1137 2639 quae
1157 2595 1198 2627 tu
1216 2588 1310 2627 facis
1359 2588 1432 2627 nisi

1038 2652 1085 2689 sit
1105 2650 1150 2689 ds
1170 2663 1261 2689 cum
1279 2650 1346 2689 illo
1362 2671 1372 2681 ·

1036 2712 1050 2733 ⁸
1064 2712 1286 2764 Respondit
1304 2712 1363 2751 ihs
1383 2719 1421 2751 et

1036 2775 1132 2813 dixit
1151 2775 1203 2813 illi
1219 2796 1228 2805 ·
1271 2775 1402 2813 Amen

1034 2849 1149 2876 amen
1170 2837 1258 2877 dico
1276 2838 1345 2876 tibi
1365 2838 1437 2877 nisi

1035 2899 1065 2936 si
1086 2901 1171 2951 quis
1190 2907 1344 2939 renatus
1363 2900 1426 2940 fue

1632 1170 1798 1226 glAmen
1817 1200 1933 1226 amen
1954 1188 2043 1228 dico
2063 1189 2092 1228 ti

1546 1257 1646 1289 pasce
1669 1249 1731 1288 bi·
1773 1249 1847 1288 nisi
1868 1251 1954 1301 quis
1974 1263 2016 1291 re

1349 1189 1356 1197 ‚
1547 1159 1586 1192 In
1596 1160 1631 1192 ui

1051 1185 1081 1208 ²⁴
1093 1187 1183 1238 Ipse
1199 1195 1330 1227 autem
1346 1189 1422 1227 ihs·
1438 1202 1519 1228 non
1547 1203 1603 1235 liis

1683 321 1785 354 lectio
1801 322 1910 364 prima
1925 321 1969 355 ad
1986 322 2110 356 Fontes

1677 377 1725 414 rit
1743 377 1873 416 denuo
1929 390 2011 417 non

1676 444 1805 489 potest
1823 439 1955 479 uidere

1675 513 1840 552 regnum
1860 502 1900 541 di
1915 523 1924 533 ·
1965 502 2083 542 4dicit

1675 563 1726 601 ad
1745 575 1835 602 eum
1854 564 2082 605 nicodemus

1675 626 1875 675 quomodo
1894 634 2022 678 potest

1673 687 1795 727 homo
1814 690 1964 728 renasci

1674 762 1763 788 cum
1785 751 1833 789 sit
1853 763 1972 791 senex
1987 773 1996 783 ·

1672 813 1862 864 numquid
1881 820 2010 865 potest

1671 874 1793 913 homo
1813 876 1853 913 in
1872 882 1984 915 utero

1671 937 1805 976 matris
1826 950 1918 977 suae
1938 939 1987 978 de

1671 1011 1751 1038 nuo
1771 1000 1925 1039 introire
1946 1008 1984 1040 et

1669 1063 1846 1102 renasci·
1887 1063 1996 1103 ⁵Res

1669 1125 1830 1175 spondit
1849 1125 1909 1164 ihs

1669 1318 1783 1351 natus
1803 1311 1914 1351 fuerit
1933 1313 1982 1352 de

1667 1378 1779 1424 aqua·
1788 1381 1826 1413 et
1846 1378 1920 1425 spu
1934 1396 1943 1406 ·
1985 1388 2067 1415 non

1666 1437 1806 1487 poterit
1824 1437 1981 1477 introire

1665 1500 1706 1537 in
1725 1512 1890 1551 regnum
1911 1501 1950 1539 di
1966 1521 1975 1531 ·

1665 1562 1679 1583 ⁰
1691 1561 1798 1612 quod
1817 1563 1922 1601 enim
1940 1570 2075 1602 natum

1665 1630 1723 1663 est
1742 1624 1791 1663 de
1811 1637 1927 1664 carne
1948 1638 1996 1665 ca

1662 1725 1707 1752 ro
1730 1719 1788 1752 est
1808 1718 1903 1765 qi‘im
1923 1714 1971 1753 de
1991 1727 2056 1755 car

1662 1788 1712 1814 ne
1733 1784 1869 1816 natum
1888 1783 1947 1816 est
1966 1784 2005 1817 et

1661 1839 1769 1888 quod
1787 1846 1922 1878 natum
1941 1846 2000 1878 est

1662 1902 1711 1940 de
1731 1904 1805 1952 spu
1825 1904 1893 1951 sps
1913 1908 1972 1941 est

1660 1963 1674 1984 ⁷
1687 1964 1894 2002 nemineris
1914 1964 2003 2015 quia

1661 2026 1740 2064 dixi
1758 2026 1827 2063 tibi
1847 2033 2002 2076 oportet

1658 2100 1731 2127 uos
1750 2088 1880 2148 denuo
1899 2101 2015 2128 renas

1783 2150 1873 2173 enlm

1658 2176 1693 2215 ci
1707 2197 1715 2206 -
1745 2176 1759 2197 ⁸
1772 2181 1838 2227 sps
1858 2177 1924 2216 ubi
1943 2178 2024 2216 uult

1658 2239 1778 2288 spirat
1796 2245 1834 2277 et
1853 2251 1996 2278 uocem

1655 2300 1755 2340 illius
1775 2301 1885 2340 audis
1902 2323 1910 2332 ·
1947 2302 2015 2341 sed

1656 2363 1783 2402 nescis
1802 2363 1906 2402 unde
1926 2364 2033 2403 uenit

1655 2431 1720 2464 aut
1740 2438 1818 2476 quo
1838 2425 1945 2464 uadit
1958 2447 1967 2456 ·

1656 2487 1718 2527 Sic
1738 2494 1776 2527 et
1795 2489 1924 2527 omnis
1944 2489 2010 2540 qui
2029 2502 2080 2529 na

1652 2556 1714 2590 tus
1733 2557 1793 2590 est
1813 2563 1861 2589 ex
1883 2555 1956 2601 spu
1971 2572 1979 2582 ·

1652 2613 1894 2664 ⁹Respondit
1913 2614 2055 2654 nicode

1651 2687 1738 2715 mus
1758 2682 1796 2714 et
1816 2676 1912 2716 dixit
1931 2677 1967 2715 ei

1651 2738 1854 2789 quomodo
1874 2746 2038 2790 possunt

1649 2799 1744 2840 haec
1764 2801 1846 2840 fieri
1863 2822 1871 2831 ·
1915 2801 1944 2823 ¹⁰
1956 2801 2038 2841 Res

1649 2863 1808 2915 spondit
1827 2863 1886 2903 ihs
1905 2870 1943 2903 et
1963 2865 2059 2904 dixit

1647 2926 1683 2965 ei
1699 2946 1708 2956 ·
1753 2925 1818 2965 Tu
1837 2938 1879 2965 es
1898 2926 2039 2966 doctor

1646 2988 1695 3029 isi
1714 2990 1738 3035 †
1750 2995 1787 3027 et
1805 2988 1878 3028 hec
1900 2989 2060 3040 ignoras

2264 253 2266 257 ·
2287 238 2350 281 [11.
2369 243 2501 284 15-111.
2521 248 2573 284 17.
2619 213 2625 216 *

2179 377 2346 418 ¹¹Amen
2366 392 2482 418 amen
2502 380 2591 420 dico

2176 442 2246 480 tibi
2266 446 2360 493 qum
2380 443 2488 492 quod

2176 504 2358 543 nouimus
2378 505 2485 555 loqui

2175 577 2262 604 mur
2276 587 2286 597 ·
2329 572 2368 605 et
2387 567 2494 617 quod
2513 568 2553 606 ui

2175 628 2302 668 dimus
2320 630 2482 668 testifica

2173 702 2260 728 mur
2325 697 2362 730 et
2380 692 2535 731 testimo

2174 753 2283 791 nium
2299 760 2475 792 nostrum

2174 826 2256 853 non
2275 816 2449 866 accipitis
2463 837 2472 846 ·
2515 815 2544 838 ¹²
2552 816 2592 856 Si

2118 885 2126 893 ·
2172 878 2364 917 terrestria
2383 879 2463 917 dixi

2172 940 2286 979 uobis
2307 947 2345 979 et
2364 953 2445 980 non
2465 953 2530 980 cre

2173 1002 2284 1040 ditis·
2329 1003 2532 1054 quomodo

2173 1064 2204 1101 si
2224 1064 2393 1104 celestea
2412 1066 2550 1105 dixero

2171 1127 2284 1165 uobis
2304 1127 2468 1166 credetis
2484 1148 2494 1158 ·

2170 1187 2257 1227 ¹³Et
2276 1202 2396 1228 nemo
2415 1190 2601 1230 ascendet

2171 1251 2212 1288 in
2232 1251 2340 1290 caelo
2397 1253 2471 1291 nisi
2491 1253 2557 1303 qui

2171 1313 2220 1352 de
2241 1314 2325 1352 celo
2346 1314 2546 1354 descendit

2170 1375 2270 1414 filius
2289 1376 2458 1416 hominis
2477 1378 2543 1428 qui

2170 1444 2229 1476 est
2249 1438 2289 1476 in
2310 1439 2418 1478 caelo
2439 1460 2448 1470 ·
2489 1439 2518 1461 ¹⁴
2532 1446 2570 1480 et
2585 1441 2619 1481 si

2170 1507 2233 1538 cut
2252 1513 2408 1551 moyses
2427 1503 2556 1542 exalta

2168 1563 2223 1601 uit
2242 1570 2464 1614 serpentem
2483 1565 2523 1603 in

2168 1712 2322 1752 deserto
2337 1734 2346 1744 -
2389 1715 2443 1754 sic
2464 1715 2553 1755 exal

2167 1775 2238 1813 tari
2256 1782 2410 1827 oportet
2429 1777 2482 1815 fili

2165 1849 2233 1875 um
2252 1837 2421 1878 hominis
2433 1860 2443 1870 ·
2487 1839 2516 1862 ¹⁶
2528 1846 2569 1879 ut

2165 1900 2296 1939 omnis
2315 1902 2382 1951 qui
2401 1902 2522 1941 credit

2164 1962 2204 2000 in
2224 1974 2314 2001 eum
2333 1976 2414 2002 non
2432 1977 2525 2015 pere

2163 2031 2202 2063 at
2257 2025 2326 2064 sed
2345 2026 2486 2066 habeat
2504 2027 2544 2065 ui

2162 2093 2242 2125 tam
2261 2094 2459 2128 aeternam
2475 2110 2484 2120 ·

2161 2148 2190 2171 ¹⁶
2202 2149 2266 2189 Sic
2285 2152 2390 2189 enim
2411 2153 2541 2192 dilexit
2565 2154 2611 2193 ds

2160 2212 2265 2251 hunc
2284 2214 2474 2253 mundum
2490 2235 2500 2246 ·

2159 2281 2201 2313 ut
2220 2275 2340 2314 filium
2359 2289 2472 2316 suum
2491 2291 2517 2317 u

2159 2338 2378 2388 nigenitum
2397 2340 2507 2379 daret

2158 2406 2200 2438 ut
2219 2402 2348 2440 omnis
2368 2402 2434 2452 qui
2454 2415 2518 2442 cre

2158 2463 2214 2502 dit
2234 2463 2274 2501 in
2294 2476 2384 2502 eum
2404 2477 2486 2504 non
2505 2479 2557 2516 pe

2157 2531 2239 2564 reat
2286 2526 2356 2564 sed
2375 2527 2517 2568 habeat

2154 2587 2276 2626 uitam
2295 2595 2492 2629 aeternam

2155 2649 2184 2672 ¹⁷
2195 2650 2288 2689 Non
2310 2652 2415 2690 enim
2434 2653 2539 2693 misit
2559 2654 2605 2694 ds

2153 2713 2273 2751 filium
2293 2725 2404 2752 suum
2424 2715 2465 2753 in

2152 2775 2255 2814 hunc
2275 2777 2464 2816 mundum

2152 2844 2194 2876 ut
2212 2839 2353 2877 iudicet
2371 2840 2520 2880 mundi}

2153 2901 2222 2940 sed
2241 2907 2282 2939 ut
2301 2902 2468 2942 saluetur
2485 2915 2581 2943 mun

2661 372 2744 415 1¹01.
2756 382 2844 415 ποθ.
