2872 3268
542 182 623 223 116

323 306 406 338 1¹01.
421 307 504 339 162.
539 299 637 339 dens
657 299 751 338 dixit
770 299 842 338 illis
858 320 867 330 ·

539 375 639 413 quae
659 369 718 401 est
737 369 859 401 mater

539 438 628 464 mea
648 431 715 464 aut
733 425 867 463 fratres

539 488 617 527 mei
632 509 642 518 ·
672 488 701 509 ⁸4
712 488 763 526 Et
783 487 920 538 conspi

539 550 646 590 ciens
666 551 732 601 qui
750 551 789 588 in
810 550 864 588 cir

541 613 646 652 cuitu
665 614 746 652 eius
767 613 859 651 sede

541 677 636 715 bant
655 676 707 714 ait
721 696 729 705 ·
777 675 885 713 Ecce

541 744 665 777 mater
687 749 775 776 mea
814 743 852 775 et
871 737 927 775 fra

539 809 617 840 tres
637 801 714 839 mei
730 821 738 830 -
768 799 797 820 ³⁵
810 800 876 850 qui
896 812 917 838 e

543 865 624 902 nim
643 862 774 901 fecerit
792 874 845 901 uo

542 926 729 964 luntatem
745 924 784 963 di

543 989 604 1026 hic
625 999 735 1025 meus
754 987 869 1026 frater

543 1057 580 1090 et
599 1062 710 1089 soror
726 1056 763 1088 et
782 1062 848 1088 ma

573 1119 692 1151 mter
711 1118 769 1151 est
784 1130 839 1146 w

510 1179 533 1204 *
546 1182 587 1218 4.
606 1178 619 1200 ¹
631 1178 682 1216 Et
701 1178 834 1228 coepit
852 1178 948 1217 iterfi

511 1244 530 1266 *
546 1244 686 1284 docere
703 1244 753 1283 ad
774 1256 840 1282 ma

508 1307 530 1332 *
544 1319 586 1346 re
639 1307 690 1345 Et
709 1318 854 1357 congre

509 1370 532 1396 *
546 1369 632 1421 ga.ta
650 1375 709 1408 est
729 1369 778 1408 ad
798 1381 889 1408 eum

545 1432 658 1471 turba
676 1432 798 1471 multa
813 1453 822 1462 ·
866 1432 919 1470 ita

546 1502 588 1534 ut
609 1496 649 1534 in
669 1507 811 1533 nauem
831 1506 876 1533 as

546 1557 721 1597 cendens
738 1578 746 1587 ·
788 1557 881 1596 sede

546 1652 604 1684 ret
623 1657 738 1696 super
757 1657 862 1684 mare
879 1665 888 1675 ·
912 1666 919 1674 ·

547 1715 586 1747 et
604 1708 733 1747 omnis
752 1708 865 1746 turba

547 1771 651 1810 circa
669 1783 775 1809 mare
796 1776 876 1809 erat
890 1790 899 1800 ·
939 1790 942 1793 ·

547 1832 561 1853 ²
573 1839 612 1872 et
631 1833 798 1872 docebat
817 1845 884 1871 eos
899 1833 940 1870 in

547 1896 745 1947 parabolis
764 1896 885 1934 multa
898 1916 907 1926 ·

550 1965 588 1998 et
607 1958 761 1997 dicebat
781 1959 853 1997 illis
873 1958 913 1997 in

549 2021 727 2060 doctrina
746 2033 815 2059 sua
834 2021 872 2059 di

550 2096 645 2122 cens
662 2105 670 2114 ·
701 2083 834 2122 3Ecce
854 2084 916 2122 exi

548 2145 578 2184 it
597 2146 795 2184 seminans

550 2207 600 2247 ad
620 2208 893 2247 seminandum

550 2272 564 2291 ⁴
576 2271 628 2309 Et
649 2271 744 2309 dum
764 2271 930 2309 seminat

550 2333 653 2372 aliud
673 2333 811 2372 cecidit
830 2333 885 2371 cir

553 2408 600 2435 ca
617 2396 724 2434 uiam
761 2402 799 2434 et
817 2408 919 2435 uene

550 2465 640 2497 runt
657 2458 835 2497 uolucres

554 2521 625 2559 celi
667 2528 704 2559 et
724 2521 889 2560 comede

553 2590 641 2621 runt
660 2583 751 2622 illud
768 2605 776 2614 ·

554 2645 569 2666 ⁵
581 2646 697 2684 Aliud
716 2658 809 2685 uero
829 2646 967 2685 cecidit

556 2719 671 2756 super
688 2708 775 2746 loca
795 2721 845 2758 pe

557 2775 660 2807 trosa
674 2790 682 2799 ·
723 2771 773 2807 Et
793 2771 938 2820 quonia

558 2842 638 2868 non
657 2831 791 2869 habuit
805 2840 862 2871 ter

558 2904 640 2929 ram
661 2893 818 2931 multam

1450 184 1610 226 SECD
1625 205 1635 215 ·

1042 301 1170 339 statim
1190 299 1354 339 exhortfi

1042 369 1122 402 est·
1163 364 1254 412 quia
1274 374 1356 401 non
1375 362 1426 402 ha

1042 426 1159 463 bebat
1179 425 1379 464 altitudine

1042 494 1163 526 terrae
1179 508 1188 518 ·
1218 487 1403 538 “quando

1043 550 1228 589 exhortus
1247 557 1305 589 est
1325 550 1382 590 sol
1398 571 1408 581 ο

1042 613 1281 652 exaestuauit
1319 620 1358 652 et

1043 676 1233 727 quoniam
1253 688 1334 714 non
1354 675 1405 715 ha

1043 739 1125 777 buit
1143 738 1315 778 radicem

1043 802 1142 840 aruit
1158 824 1165 832 -
1181 823 1189 832 ·
1206 823 1215 832 -
1258 802 1335 840 ⁷Et
1354 800 1458 840 aliud

1044 865 1184 905 cecidit
1203 865 1243 902 in
1263 864 1395 916 spinas

1046 934 1085 967 et
1103 927 1365 967 crescentibus

1046 991 1168 1042 spinis
1188 990 1337 1029 suffoca

1046 1061 1130 1094 tum
1149 1059 1208 1093 est
1247 1059 1285 1091 et
1304 1052 1386 1091 fruc

1048 1124 1132 1156 tum
1147 1129 1230 1156 non
1249 1115 1353 1155 dedit

1048 1180 1062 1201 ⁸
1075 1179 1127 1218 Et
1145 1179 1249 1218 aliud
1268 1177 1407 1218 cecidit

1049 1244 1090 1282 in
1108 1249 1249 1282 terram
1267 1242 1376 1281 bona

1051 1313 1089 1346 et
1108 1307 1174 1346 dat
1188 1306 1354 1344 fructum

1050 1369 1261 1410 ascendem
1279 1373 1319 1406 et
1337 1373 1418 1406 cres

1051 1439 1207 1472 centem
1250 1437 1287 1470 et
1303 1430 1354 1469 ad

1049 1496 1121 1535 fert
1140 1506 1260 1533 unum
1279 1494 1325 1532 tri

1049 1558 1260 1598 cessimum
1275 1577 1285 1586 ·
1300 1577 1308 1586 ·
1324 1576 1333 1586 ·

1050 1653 1088 1686 et
1107 1644 1416 1696 sexagessimum
1433 1664 1441 1673 ·

1050 1715 1089 1749 et
1110 1720 1234 1747 unum
1249 1714 1390 1746 centen

1051 1772 1195 1812 simum
1211 1791 1220 1801 ·
1277 1769 1291 1791 ⁹
1303 1770 1355 1808 Et
1377 1769 1462 1808 dice

1050 1835 1117 1873 bat
1136 1834 1202 1884 qui
1220 1833 1338 1872 habet
1357 1844 1407 1871 au

1051 1909 1113 1936 res
1133 1896 1314 1935 audiendi

1051 1959 1203 1998 audiat·
1222 1980 1231 1989 ·
1288 1957 1318 1980 ¹⁰
1328 1958 1381 1997 Et
1400 1969 1491 1996 cum

1052 2029 1154 2061 esset
1174 2021 1379 2072 singularis
1436 2031 1441 2037 ·

1050 2085 1340 2135 interrogabant

1050 2147 1158 2186 illum
1181 2146 1357 2197 discipuli

1053 2211 1136 2249 eius
1175 2222 1275 2261 quae
1295 2214 1398 2248 esset

1055 2272 1242 2323 parabola
1260 2272 1333 2310 ista
1346 2292 1355 2301 ·

1054 2334 1082 2356 11
1097 2341 1134 2373 et
1154 2335 1205 2374 ait
1223 2334 1293 2373 illis
1309 2354 1318 2364 ·
1359 2334 1471 2372 uobis

1055 2399 1188 2437 datum
1209 2403 1266 2436 est
1285 2408 1435 2446 cognos

1054 2473 1142 2499 cere
1161 2459 1344 2510 mysterii]

1054 2523 1164 2573 regni
1180 2523 1219 2561 di
1234 2542 1243 2552 ·
1286 2522 1358 2561 illis

1056 2592 1187 2624 autem
1206 2585 1272 2635 qui
1290 2584 1383 2623 foris

1056 2654 1145 2686 sunt
1160 2648 1200 2686 in
1219 2659 1357 2697 parara

1053 2710 1152 2749 bolis
1167 2709 1300 2748 omnia
1320 2709 1358 2747 di

1055 2780 1194 2812 cuntur
1207 2794 1216 2803 ·
1245 2770 1275 2794 ¹²
1286 2779 1328 2811 ut
1346 2772 1385 2810 ui

1056 2835 1192 2874 dentes
1210 2835 1369 2880 uideant

1057 2904 1094 2936 et
1114 2909 1195 2936 non
1214 2898 1372 2937 uideant

1576 301 1628 339 Et
1647 301 1848 340 audientes
1868 301 1959 341 audi

1578 369 1646 402 ant
1665 370 1703 402 et
1722 376 1804 403 non
1823 364 1918 403 intel

1577 425 1709 476 legant
1764 439 1814 465 ne
1835 439 1940 478 quan

1579 488 1631 528 do
1651 495 1925 528 conuertantur

1579 557 1618 589 et
1637 550 1829 589 dimittam
1849 551 1905 590 eis

1579 620 1763 664 peccata·
1816 613 1844 635 ¹³
1853 614 1906 653 Et
1925 615 1976 654 ait
1995 614 2021 652 il

1578 675 1625 714 lis
1644 676 1800 715 nescitis
1818 688 1912 727 para

1579 738 1713 777 bolam
1731 738 1832 777 hanc
1848 759 1857 769 -
1914 739 1966 778 Et

1581 801 1784 851 quomodo
1804 812 1871 840 om

1581 875 1652 903 nes
1666 863 1873 914 parabolas

1582 926 1827 976 cognoscetis
1841 947 1850 956 ·
1863 949 1917 954 —

1583 988 1611 1010 ¹⁴
1624 988 1704 1036 Qui
1723 989 1889 1039 loquitur
1908 1001 1977 1028 uer

1583 1052 1678 1090 bum
1698 1052 1885 1090 seminat·

1584 1113 1614 1135 ¹⁵
1627 1112 1683 1151 Hi
1702 1120 1833 1153 autem
1853 1121 1942 1153 sunt
1960 1115 2027 1164 qui

1585 1176 1692 1215 iuxta
1711 1176 1815 1215 uiam
1835 1177 1933 1216 semi

1585 1245 1728 1278 nantur
1782 1239 1850 1290 qui
1868 1252 1946 1290 neg

1586 1302 1759 1352 legenter
1777 1303 1899 1340 uerbi-1

1588 1364 1805 1415 suscipiunt
1854 1364 1907 1402 Et

1587 1439 1679 1466 cum
1699 1426 1887 1466 audierint

1586 1489 1790 1529 confestim
1808 1489 1915 1527 uenit

1586 1559 1742 1592 satanas
1785 1558 1823 1591 et
1842 1551 1929 1590 aufe

1585 1647 1642 1680 ret
1659 1641 1821 1679 uerbum
1841 1639 1949 1691 quod

1586 1703 1817 1742 seminatum
1836 1710 1894 1742 est
1913 1703 1954 1741 in

1587 1766 1705 1804 corde
1723 1765 1878 1804 illorum
1895 1786 1904 1795 ·
1921 1786 1930 1795 ·
1948 1786 1957 1795 ·

1587 1828 1615 1850 ¹⁶
1627 1828 1678 1866 Et
1694 1827 1734 1866 hi
1755 1835 1843 1866 sunt
1858 1828 1924 1878 qui
1939 1840 2056 1878 supra

1586 1898 1741 1942 petrosa
1756 1890 1935 1929 seminan

1586 1961 1672 1993 tur·
1714 1954 1779 2004 qui
1799 1964 1888 1991 cum
1909 1965 1959 1991 au

1588 2024 1727 2063 dierint
1745 2024 1911 2062 uerbum

1588 2099 1679 2126 cum
1698 2086 1840 2138 gaudio
1860 2087 1944 2125 acci

1587 2149 1699 2200 piunt
1718 2148 1810 2187 illud
1838 2149 1866 2170 ¹⁷
1876 2149 1929 2186 Et

1588 2224 1670 2251 non
1689 2211 1835 2250 habent
1853 2211 1935 2250 radi

1588 2286 1677 2313 cem
1695 2274 1736 2311 in
1756 2285 1798 2311 se
1838 2272 1907 2311 sed
1926 2276 1963 2312 te

1589 2336 1743 2387 porales
1763 2341 1852 2374 sunt
1866 2355 1876 2364 ·

1589 2398 1742 2437 Deinde
1761 2398 1874 2436 horta
1893 2397 1938 2435 tri

1589 2460 1786 2499 bulatione
1825 2465 1864 2498 et
1883 2471 1951 2510 per

1590 2523 1789 2562 secutione
1829 2534 1930 2572 prop

1589 2592 1647 2624 ter
1665 2585 1830 2624 uerbum
1872 2597 1949 2624 con

1588 2648 1698 2686 tinuo
1714 2647 1885 2686 scandali

1589 2717 1725 2750 zantur
1739 2732 1747 2741 ·
1765 2732 1773 2742 ·
1793 2731 1801 2740 ·
1859 2709 1887 2731 ¹⁸
1898 2710 1950 2749 Et
1963 2709 2004 2749 hi

1590 2778 1681 2813 sunt
1699 2774 1765 2824 qui
1783 2773 1823 2811 in
1843 2773 1962 2824 spinis

1590 2837 1828 2875 seminantur
1841 2856 1850 2866 ·

1591 2898 1670 2946 Qui
1689 2899 1851 2938 uerbum
1871 2898 2031 2938 audiunt

2248 193 2329 236 [111.
2347 198 2480 239 33—1V.
2495 205 2550 240 25.

2082 302 2112 326 ¹⁹
2123 303 2176 342 Et
2195 304 2451 344 sollicitudine
2469 306 2531 346 uic
2582 311 2665 351 1¹01.
2679 311 2763 344 183.

2081 372 2143 405 tus
2185 373 2222 405 et
2241 380 2388 407 errores
2408 380 2505 407 mun

2082 429 2122 468 di
2141 429 2255 468 simul
2275 430 2442 469 inceden

2082 498 2140 530 tes
2160 492 2356 532 soffucant
2375 505 2444 531 uer

2082 555 2176 593 bum
2216 561 2254 594 et
2274 555 2351 594 sine
2370 555 2455 595 fruc

2082 623 2123 655 tu
2142 617 2355 656 efficiuntur
2369 639 2377 648 ·
2392 639 2402 649 ·

2082 677 2112 701 ²⁰
2123 679 2174 717 Et
2192 679 2232 717 hi
2252 687 2341 719 sunt
2356 681 2422 731 qui
2437 693 2554 732 supra

2082 748 2223 781 terram
2242 743 2390 782 bonam
2410 756 2456 783 ce

2084 805 2259 843 ciderunt
2298 806 2364 856 qui
2382 817 2433 844 au

2085 868 2194 907 diunt
2214 869 2377 907 uerbum

2085 937 2123 969 et
2143 931 2358 981 suscipiunt
2398 938 2438 970 et

2084 993 2314 1032 fructificant
2330 1014 2339 1024 ·

2084 1068 2209 1094 unum
2228 1057 2376 1095 tricessi

2086 1131 2197 1157 mum
2213 1140 2222 1149 ·
2265 1126 2304 1158 et
2323 1131 2446 1158 unum

2088 1182 2397 1232 sexagessimum

2088 1244 2140 1282 Et
2158 1256 2281 1282 unum
2300 1245 2473 1283 centensi

2089 1318 2220 1344 mum·
2237 1328 2268 1337 ··
2309 1305 2337 1328 ²¹
2351 1307 2403 1345 Et
2423 1307 2510 1346 dice

2088 1370 2156 1408 bat
2174 1369 2245 1408 illis
2264 1369 2456 1421 numquid

2087 1432 2194 1470 uenit
2213 1432 2372 1471 lucerna

2087 1501 2129 1532 ut
2149 1494 2221 1532 sub
2241 1494 2377 1533 modio
2396 1506 2450 1545 po

2086 1563 2199 1596 natur
2219 1563 2285 1596 aut
2298 1558 2370 1596 sub
2383 1557 2503 1596 lecto·
2518 1577 2583 1608 -Ὶ

2090 1644 2168 1684 Sed
2185 1651 2227 1683 ut
2249 1656 2366 1695 supra
2389 1658 2465 1685 can

2090 1707 2293 1747 delabrum
2313 1720 2420 1758 pona

2088 1777 2149 1809 tur
2164 1791 2174 1800 ·
2203 1768 2233 1790 ²²
2244 1782 2325 1808 non
2345 1771 2450 1810 enim

2088 1839 2147 1872 est
2161 1833 2393 1872 absconditu

2088 1895 2158 1934 sed
2176 1901 2218 1933 ut
2237 1895 2438 1934 manifeste

2087 1964 2149 1996 tur
2165 1978 2174 1988 ·
2218 1970 2290 1996 nec
2311 1957 2448 1997 factu·-

2088 2026 2147 2059 est
2165 2020 2362 2059 occultum

2090 2082 2159 2121 sed
2178 2089 2220 2120 ut
2239 2082 2280 2120 in
2299 2082 2430 2132 palam

2089 2145 2218 2183 ueniat
2231 2165 2240 2175 ·
2288 2143 2317 2166 ²⁸
2331 2144 2371 2183 Si
2390 2145 2476 2195 quis

2090 2207 2208 2246 habet
2227 2220 2338 2246 aures
2357 2220 2407 2246 au

2091 2270 2220 2308 diendi
2241 2270 2372 2308 audiat
2387 2291 2397 2300 ·

2090 2331 2120 2353 ²⁴
2132 2332 2182 2370 Et
2201 2332 2353 2371 dicebat
2372 2332 2443 2371 illis
2464 2333 2503 2373 ui

2091 2394 2176 2433 dete
2192 2394 2393 2445 quomodo

2091 2457 2253 2496 audiatis
2269 2477 2278 2487 ·
2321 2458 2362 2495 in
2382 2470 2461 2508 qua

2091 2531 2274 2559 mensura
2292 2521 2407 2559 metie

2090 2582 2171 2622 ritis
2190 2583 2366 2622 metietur
2383 2596 2437 2623 uo

2091 2645 2149 2684 bis
2191 2652 2230 2684 et
2248 2646 2432 2686 adicietur

2091 2709 2204 2747 uobis
2223 2710 2291 2760 qui
2310 2709 2448 2749 auditis
2464 2731 2474 2741 ·

2090 2769 2120 2792 ²⁵
2133 2771 2212 2818 Qui
2231 2772 2336 2810 enim
2355 2772 2471 2812 habet
2489 2773 2540 2813 da

2091 2834 2191 2873 bitur
2210 2834 2262 2873 illi
2301 2841 2339 2874 et
2359 2835 2426 2886 qui
2445 2847 2527 2874 non

2090 2896 2207 2936 habet
2245 2898 2361 2937 etiam
2381 2899 2488 2949 quod
