2872 3268
326 314 409 346 1101.
424 313 485 345 58.

513 207 570 250 30

514 308 622 360 genti
642 308 798 348 facienti

513 371 679 411 fructum
699 372 780 410 eius
794 392 803 401 ·

513 435 542 456 ⁴⁴
555 434 635 483 Qui
654 433 832 473 ceciderit
852 445 896 471 su

512 510 581 548 per
600 497 770 547 lapidem
789 497 892 534 hunc

512 559 776 610 confringetur
792 579 800 588 ·

513 622 637 672 Super
657 634 774 672 quem
794 623 882 658 aute

510 684 690 723 ceciderit
736 695 827 721 com

510 747 655 784 minuet
674 757 763 783 eum
779 766 788 775 ·

510 808 540 830 ⁴⁵
552 808 603 846 Et
622 820 713 846 cum
731 805 908 845 audisent

509 870 702 922 principes
723 881 831 908 sacer

510 934 646 971 dotum
673 938 711 971 et
730 931 855 970 farisei

508 995 712 1046 parabolas
733 995 815 1033 eius
831 1015 840 1024 ·

509 1063 780 1108 cognouerunt
799 1055 902 1107 quod

508 1121 557 1159 de
576 1120 668 1170 ipsis
689 1119 781 1158 dicit
796 1141 806 1150 ·
831 1120 860 1141 ⁴⁶
872 1119 924 1158 Et

507 1189 711 1233 querentes
729 1194 819 1221 eum
838 1188 875 1221 te

507 1258 598 1284 nere
614 1266 623 1275 ·
658 1245 868 1284 timuerunt

506 1309 639 1346 turbas
659 1312 755 1358 qfim
774 1308 806 1347 si

507 1377 573 1409 cut
591 1370 782 1421 profetam
801 1374 851 1409 esi

507 1432 704 1471 habebant
719 1453 728 1463 ·
782 1438 849 1472 22.
873 1431 976 1472 ¹Res

508 1495 689 1546 pondens
707 1495 767 1534 ihs
785 1495 881 1535 iteri-1

508 1586 604 1625 dixit
621 1586 694 1625 illis
713 1587 754 1624 in
774 1599 869 1637 para

508 1649 607 1688 bolis
627 1649 761 1688 dicens
775 1670 784 1679 ·
798 1669 808 1680 ·

508 1712 523 1734 ²
536 1712 667 1751 Simile
685 1719 743 1751 est
762 1725 926 1763 regnum

507 1775 704 1814 caelorum
723 1775 831 1814 homi

507 1837 547 1876 ni
565 1837 646 1888 regi
665 1838 732 1887 qui
751 1837 842 1876 fecit

506 1900 662 1951 nuptias
682 1900 759 1939 filio
779 1913 850 1940 suo
863 1921 872 1931 ·

506 1962 582 2001 13Εῐ
601 1963 703 2002 misit
722 1975 856 2002 seruos
877 1976 923 2002 su

506 2037 551 2065 os
606 2038 750 2065 uocare
770 2026 893 2065 inuita

505 2094 567 2126 tos
587 2088 638 2127 ad
656 2089 811 2138 nuptias
827 2109 836 2119 ·

506 2157 545 2189 et
564 2151 771 2190 noluerunt
789 2164 839 2190 ue

506 2214 588 2252 nire
603 2234 612 2244 ·
637 2213 653 2234 ⁴
664 2213 808 2252 Iterum
828 2214 883 2252 mi

506 2277 555 2314 sit
574 2277 671 2315 alios
691 2288 825 2316 seruos
844 2277 884 2315 di

506 2351 600 2377 cens
612 2360 621 2369 ·
652 2339 767 2378 dicite
785 2339 867 2378 inui

506 2407 606 2441 tatos
622 2423 631 2432 ·
661 2402 770 2441 Ecce
790 2415 889 2454 pran

507 2464 615 2502 dium
634 2476 767 2503 meum
787 2476 882 2515 para

507 2527 547 2564 ui
561 2547 570 2556 ·
599 2527 696 2565 tauri
714 2528 792 2566 mei
811 2535 851 2566 et

509 2589 683 2638 saginata
702 2601 790 2627 mea
812 2602 860 2628 oc

510 2651 610 2689 cissa
629 2657 668 2690 et
687 2651 819 2690 omnia
837 2664 888 2702 pa

509 2719 593 2750 rata
643 2714 772 2751 uenite
793 2714 842 2752 ad

511 2774 664 2824 nuptias
677 2795 686 2804 ·
716 2775 730 2795 ⁵
742 2775 801 2813 Illi
821 2778 910 2815 aute

1343 185 1659 234 SECUNDU-

1017 307 1268 357 neglexerunt
1282 327 1290 336 ·

1017 376 1054 407 et
1074 369 1249 407 abierunt
1270 390 1277 398 ·
1308 368 1408 407 alius

1014 431 1054 468 in
1073 431 1203 469 uillam
1224 443 1334 469 suam
1349 452 1357 461 ·

1015 493 1125 531 Alius
1143 505 1238 531 uero
1257 493 1297 531 in
1318 505 1422 544 nego

1013 556 1213 594 tiationem
1233 568 1344 594 suam
1361 577 1369 587 ·

1011 618 1025 638 ⁶
1038 617 1191 669 Reliqui
1209 631 1303 666 uero
1321 625 1414 658 tenu

1011 687 1124 718 erunt
1144 693 1277 720 seruos
1297 681 1378 720 eius
1395 702 1404 712 ·

1011 748 1050 781 et
1069 744 1302 783 contumelia
1322 743 1364 782 af

1011 804 1134 844 sectos
1154 807 1382 845 occiderunt
1397 827 1407 838 ·

1010 867 1026 890 ⁷
1037 867 1087 907 Et
1107 868 1267 908 audiens
1285 881 1352 908 rex
1372 869 1434 908 ille

1010 931 1128 970 iratus
1147 938 1206 971 est
1221 952 1230 961 ·
1260 938 1298 970 et
1317 932 1371 970 mi

1011 993 1059 1031 sit
1078 994 1311 1032 exsercitum

1011 1067 1125 1094 suum
1145 1063 1182 1095 et
1201 1057 1311 1107 perdi

1010 1119 1065 1157 dit
1084 1119 1300 1158 homicidas
1320 1120 1346 1158 il

1009 1181 1070 1220 los
1090 1187 1128 1220 et
1146 1180 1340 1221 ciuitatem

1009 1256 1146 1283 eorum
1165 1245 1364 1284 succendit
1375 1266 1404 1286 ·.

1009 1306 1023 1328 ⁸
1036 1306 1153 1347 Tune
1172 1308 1225 1346 ait
1240 1308 1361 1347 seruis
1377 1308 1455 1347 suis
1467 1329 1476 1339 ·

1009 1371 1165 1421 nuptiae
1185 1371 1343 1422 quidem

1009 1440 1166 1484 paratae
1186 1440 1275 1472 sunt
1289 1455 1298 1464 ·
1329 1434 1370 1472 in

1009 1495 1119 1534 uitati
1138 1502 1266 1535 autem
1286 1508 1368 1535 non

1011 1583 1163 1623 fuerunt
1182 1584 1288 1635 digni
1304 1606 1313 1615 ·

1011 1646 1024 1668 ⁹
1037 1646 1093 1685 Ite
1113 1659 1208 1697 ergo
1227 1647 1278 1686 ad
1301 1648 1424 1686 exitus

1014 1709 1162 1748 uiarum
1181 1716 1219 1749 et
1239 1722 1338 1761 quos

1011 1784 1179 1823 cumque
1198 1773 1371 1812 inueneri

1010 1835 1058 1873 tis
1078 1842 1217 1874 uocate
1236 1836 1287 1875 ad
1306 1848 1387 1887 nup

1009 1898 1081 1936 tias
1093 1919 1102 1928 ·
1131 1897 1163 1919 ¹⁰
1173 1904 1210 1937 et
1229 1899 1372 1949 egressi
1391 1911 1453 1938 ser

1009 1961 1049 1999 ui
1069 1961 1150 2000 eius
1169 1961 1208 1999 in
1227 1962 1310 2000 uias
1357 1974 1434 2001 con

1010 2030 1270 2074 gregauerunt
1290 2037 1357 2063 om

1011 2099 1081 2125 nes
1101 2087 1316 2137 quodquod
1336 2087 1377 2126 in

1008 2155 1198 2188 uenerunt
1217 2149 1342 2188 malos

1011 2218 1049 2250 et
1068 2213 1218 2251 bonos·
1247 2219 1286 2251 et
1305 2212 1411 2263 inple

1010 2280 1048 2312 te
1069 2281 1158 2312 sunt
1177 2275 1332 2325 nuptiae

1011 2337 1341 2376 discumbentibus
1358 2357 1368 2368 ·

1010 2398 1038 2420 ¹¹
1051 2398 1215 2438 Intrauit
1234 2406 1364 2438 autem
1387 2412 1456 2438 rex

1009 2468 1052 2500 ut
1070 2461 1217 2500 uideret
1237 2462 1386 2500 discum

1009 2525 1144 2563 bentes
1161 2546 1170 2555 -
1204 2524 1256 2563 Et
1274 2525 1370 2564 uidit

1009 2587 1061 2626 ibi
1080 2587 1277 2627 hominem
1296 2600 1378 2626 non

1009 2651 1190 2689 uestitum
1207 2658 1314 2689 ueste

1009 2714 1181 2765 nuptiale
1209 2712 1238 2734 ¹²
1248 2713 1299 2751 Et
1314 2714 1365 2752 ait
1380 2714 1453 2752 illi·

1011 2777 1157 2816 amicae
1180 2777 1381 2829 quomodo

1551 306 1747 357 ingressus
1767 318 1809 346 es
1829 306 1891 347 hic
1908 327 1917 337 ·

1551 381 1633 407 non
1652 368 1802 408 habens
1820 370 1919 408 uesti

1551 438 1728 471 mentum
1747 433 1882 483 nuptia

1549 494 1584 533 le
1599 515 1608 524 ·
1638 494 1691 533 At
1710 495 1770 534 ille
1789 497 1911 534 obmu

1550 556 1642 595 tuit·
1685 556 1714 578 ²³
1730 557 1847 597 Tunc
1867 558 1961 597 dixit

1550 631 1618 658 rex
1638 619 1821 659 ministris
1834 641 1843 651 ·

1550 681 1668 720 tollite
1687 681 1792 720 illum
1810 681 1901 733 pedi

1550 745 1623 782 bus
1643 750 1681 783 et
1699 745 1880 784 manibus
1894 765 1903 775 ·

1549 805 1601 845 Et
1620 807 1755 846 mittite
1775 820 1866 846 eum
1886 807 1925 846 in
1941 814 1979 847 te

1550 870 1690 908 nebras
1709 871 1854 910 exterio

1549 944 1610 971 res
1624 954 1632 963 -
1661 933 1715 971 ibi
1734 934 1803 972 erit
1822 933 1872 972 fle

1549 1001 1610 1033 tus
1629 1002 1667 1034 et
1686 996 1824 1035 stridor
1843 996 1916 1034 den

1548 1057 1644 1096 tium
1660 1079 1669 1088 ·
1698 1057 1728 1078 ¹4
1741 1058 1848 1097 multi
1867 1059 1964 1097 eni·-

1549 1126 1638 1158 sunt
1657 1121 1807 1159 uocati·
1837 1122 1952 1172 pauci

1547 1189 1676 1222 autem
1695 1184 1832 1223 electi·
1854 1201 1907 1218 -r

1601 1263 1656 1280 Ψ
1711 1263 1766 1281 Φ
1821 1264 1876 1282 st*

1515 1304 1534 1327 *
1548 1305 1577 1328 ¹⁵
1591 1307 1707 1347 Tunc
1727 1308 1903 1348 abierunt

1514 1367 1533 1390 *
1548 1369 1694 1409 farisei·
1720 1377 1758 1410 et
1777 1384 1854 1411 con

1515 1431 1535 1453 *
1550 1433 1674 1472 silium
1693 1435 1917 1484 acciperunt

1517 1494 1584 1534 *ut
1607 1505 1794 1547 caperent
1812 1503 1911 1535 eum*

1515 1583 1590 1623 *in
1610 1597 1790 1624 sermone
1803 1605 1812 1614 ·
1855 1584 1884 1606 ¹⁶
1897 1590 1935 1624 et

1516 1645 1535 1667 *
1549 1648 1706 1686 mittunt
1725 1647 1876 1698 discipu

1515 1708 1607 1749 *los
1627 1722 1719 1749 suos
1738 1723 1828 1749 cum
1848 1710 1899 1748 he

1547 1773 1718 1812 rodianis
1738 1773 1911 1812 dicentes
1923 1793 1933 1803 ·

1548 1834 1738 1887 Magister
1758 1836 1902 1875 scimus

1548 1899 1640 1949 quia
1657 1911 1776 1937 uerax
1797 1911 1839 1937 es
1853 1919 1862 1928 ·
1891 1904 1930 1937 et

1547 1961 1653 1999 uiam
1673 1961 1713 1999 di
1731 1961 1850 2000 doces
1869 1961 1911 1999 in

1547 2024 1727 2063 ueritate·
1756 2031 1795 2063 et
1814 2036 1896 2063 non

1549 2093 1607 2125 est
1627 2087 1696 2126 tibi
1716 2099 1809 2126 cura
1829 2087 1879 2126 de
1898 2086 1947 2126 ali

1547 2162 1627 2201 quo
1643 2170 1652 2180 ·
1682 2162 1763 2189 non
1782 2151 1888 2188 enim

1546 2213 1714 2262 respices
1729 2224 1916 2262 personas

1547 2274 1751 2314 hominurn
1765 2296 1774 2305 ·
1803 2274 1833 2296 ¹⁷
1844 2275 1937 2326 quid

1547 2337 1616 2376 tibi
1634 2337 1786 2376 uidetur
1839 2337 1928 2376 licet

1547 2412 1709 2439 censum
1729 2400 1810 2439 dari
1831 2412 1944 2439 caesa

1546 2463 1578 2501 ri
1595 2484 1603 2493 -
1638 2470 1704 2502 aut
1724 2475 1805 2502 non
1819 2483 1828 2493 ·
1844 2485 1852 2493 ·
1883 2462 1911 2484 ¹⁸
1927 2462 2015 2514 Cog

1546 2525 1626 2565 nita
1645 2533 1774 2565 autem
1793 2526 1853 2565 ihs
1872 2538 1923 2564 ne

1547 2589 1667 2640 quitia
1685 2601 1819 2628 eorum
1835 2610 1844 2620 ·
1875 2589 1928 2628 ait
1943 2609 1953 2620 -

1548 2652 1656 2700 Quid
1675 2665 1739 2691 me
1758 2652 1926 2691 temtatis

1546 2715 1769 2767 hypocritae
1786 2736 1795 2746 ·
1837 2713 1866 2736 ²⁹
1882 2727 1927 2753 os

1545 2777 1766 2818 tendendite
1786 2776 1901 2816 mihi·

2144 201 2254 243 [xxr.
2269 204 2454 246 43-xxr1.
2470 210 2523 247 27·

2055 307 2250 347 nomisma
2265 329 2274 338 ·
2305 321 2446 348 census
2462 326 2472 336 ·
2541 310 2713 349 1¹01.59-‘

2054 369 2108 408 At
2127 370 2181 408 illi
2199 371 2445 422 optulerunt*

2056 432 2091 471 ei
2111 432 2311 472 denarium
2325 454 2334 463 ·
2377 433 2407 456 ²⁰
2417 434 2470 474 Et

2056 495 2109 534 ait
2127 495 2197 534 illis
2216 496 2274 534 ihs
2291 517 2300 526 ·
2330 496 2440 537 cuius

2055 564 2114 596 est
2133 558 2264 608 imago
2283 559 2379 598 haec
2401 581 2410 590 ·
2441 566 2480 599 et

2055 621 2328 671 superscriptio
2344 642 2353 652 ·

2054 679 2083 702 2¹
2095 682 2230 722 dicunt
2247 684 2283 721 ei
2302 685 2444 723 cesaris
2457 705 2467 715 ·

2054 743 2171 783 Tunc
2191 745 2242 784 ait
2260 745 2330 784 illis
2346 767 2356 776 ·
2386 747 2455 786 red

2054 806 2130 845 dite
2150 819 2244 858 ergo
2264 820 2339 859 que
2359 815 2450 848 sunt

2053 870 2195 908 cesaris
2210 872 2332 910 cesari
2348 891 2357 901 ·

2052 938 2091 970 et
2109 944 2209 982 quae
2230 940 2320 972 sunt
2338 933 2377 972 di
2395 933 2447 972 dc’)
2464 954 2474 965 ·

2052 991 2082 1013 ²²
2094 1000 2132 1032 et
2150 995 2350 1034 audientes
2369 997 2467 1036 mira

2052 1057 2079 1095 ti
2099 1063 2188 1095 sunt
2203 1078 2212 1087 ·
2242 1064 2279 1096 et
2297 1059 2430 1098 relicto

2051 1131 2100 1158 eo
2120 1120 2293 1159 abierunt
2309 1141 2318 1151 ·

2052 1181 2079 1203 ²³
2095 1181 2143 1220 In
2162 1182 2225 1221 illa
2244 1183 2306 1222 die
2325 1195 2463 1222 accese

2051 1251 2139 1283 runt
2158 1245 2209 1284 ad
2227 1258 2317 1284 eum
2337 1247 2407 1285 sad

2053 1307 2166 1346 ducei
2181 1328 2191 1338 ·
2221 1309 2287 1358 qui
2307 1308 2442 1348 dicunt

2051 1382 2133 1409 non
2152 1383 2236 1409 esse
2255 1383 2364 1410 resur

2049 1433 2261 1472 rectionem
2278 1455 2287 1464 ·
2317 1434 2368 1473 Et

2050 1496 2384 1547 interrogauerunt

2051 1595 2142 1622 eum
2160 1582 2396 1624 “dicentes
2435 1598 2502 1624 ma
2554 1627 2556 1629 ,
2622 1631 2624 1634 ⁴

2051 1647 2169 1697 gister
2227 1659 2385 1698 moyses

2052 1709 2148 1748 dixit
2164 1730 2173 1740 ·
2203 1711 2235 1749 si
2255 1710 2341 1761 quis
2359 1722 2448 1750 mor

2050 1779 2139 1812 tuus
2157 1771 2270 1812 fuerit
2315 1785 2398 1812 non

2050 1835 2199 1874 habens
2217 1835 2337 1873 filium
2351 1856 2360 1865 ·

2049 1905 2092 1937 ut
2111 1898 2228 1937 ducat
2245 1898 2360 1937 frater
2378 1899 2460 1939 eius

2049 1972 2213 2000 uxorem
2231 1961 2328 2000 illius
2342 1982 2350 1991 ·
2381 1968 2419 2001 et

2050 2024 2204 2062 suscitet
2223 2035 2354 2063 semen

2049 2085 2174 2124 fratris
2195 2087 2278 2125 sui·
2320 2086 2351 2108 ²⁵
2362 2086 2485 2127 Erant

2049 2148 2153 2198 apud
2172 2160 2244 2187 nos
2264 2155 2414 2200 septem

2050 2211 2184 2249 fratres
2200 2231 2210 2241 ·
2239 2218 2277 2249 et
2296 2211 2356 2262 pri

2049 2285 2138 2312 mus
2156 2285 2277 2312 uxore
2297 2274 2414 2313 ducta
2429 2295 2437 2304 ·

2050 2335 2256 2374 defunctus
2274 2341 2355 2374 est·
2385 2342 2424 2375 et

2047 2410 2129 2437 non
2147 2398 2297 2436 habens
2316 2410 2451 2438 semen
2464 2420 2473 2429 ·

2048 2460 2198 2510 reliquit
2215 2472 2380 2499 uxorem

2048 2535 2159 2562 suam
2178 2522 2281 2562 fratri
2301 2535 2372 2562 suo
2385 2544 2396 2554 ·

2047 2587 2076 2609 ²⁶
2089 2586 2266 2626 Similiter
2284 2593 2322 2625 et
2341 2599 2462 2627 secun

2047 2650 2119 2689 dus
2138 2650 2317 2688 etertius·
2346 2662 2393 2689 us

2047 2725 2122 2764 que
2142 2714 2193 2752 ad
2212 2713 2420 2764 septimum
2436 2735 2445 2745 ·

2046 2778 2076 2831 ³⁷
2089 2776 2311 2817 Nouissime
2330 2782 2461 2816 autem

2862 1557 2872 1567 ξ
2866 1515 2872 1530 ⁵„
2865 1423 2872 1499 ..-⁴⁴
2860 1157 2872 1401 —qfi-'azd'n--n—.
2867 1117 2872 1141 —
