2872 3268
105 327 189 360 l'ol.
200 327 284 360 189.

308 218 436 251 xvin.
454 215 578 259 3-31.]

307 325 463 365 uindica
485 337 549 364 me
572 326 623 364 ab
643 324 693 364 ad

307 389 479 427 uersario
503 400 593 427 meo
610 409 619 419 ·
644 388 658 408 ⁴
670 387 722 427 Et

308 450 465 490 nolebat
486 463 554 501 per
572 451 654 489 mul

307 519 391 551 tum
412 520 566 564 tempus
590 535 642 541 ——

308 575 405 615 Post
426 576 498 615 hec
519 582 648 615 autem
672 575 736 614 dix

307 638 336 676 it
352 638 451 676 intra
471 650 512 677 se
558 639 589 677 si
612 638 679 677 dm

308 713 390 740 non
409 701 527 740 timeo
572 708 610 740 et
632 702 685 741 ho

309 763 456 802 minem
479 776 562 802 non
585 776 677 803 reue

307 837 395 864 reor
411 847 420 856 -
450 826 464 847 ⁶
476 832 607 864 tamen
628 827 717 878 quia

309 889 473 927 molesta
497 895 555 927 est
573 889 667 927 mihi

308 950 405 989 haec
427 951 544 989 uidua
565 952 673 990 uindi

308 1014 409 1052 cabo
428 1014 531 1052 illam
555 1026 605 1052 ne
627 1014 667 1052 in

308 1076 522 1115 nouissimo
542 1076 602 1115 die

309 1139 583 1179 conueniendo
606 1152 682 1178 con

310 1202 473 1252 stringat
499 1214 561 1241 me
575 1222 584 1233 ο
603 1223 611 1232 ·

309 1264 324 1286 ⁶
337 1264 446 1303 Dixit
467 1271 597 1303 autem
617 1265 690 1304 dfis

309 1327 437 1365 audite
451 1347 460 1357 ·
507 1327 599 1377 quid
617 1328 656 1366 iu

309 1389 386 1428 dex
407 1390 615 1441 iniquitatis

309 1452 404 1491 dixit
419 1473 429 1483 ·
458 1453 530 1491 '‘ds
554 1456 641 1491 aute

309 1527 392 1554 non
411 1514 524 1554 faciet
542 1515 672 1554 uindic

310 1672 392 1704 tam
411 1665 623 1704 electorum
646 1677 692 1704 su

310 1740 424 1767 orum
469 1728 680 1767 clamantifi

311 1790 373 1829 die
396 1797 434 1829 et
457 1797 573 1829 nocte
595 1791 674 1842 pati

310 1853 455 1904 entiam
474 1853 624 1892 habens
642 1853 683 1891 in

310 1916 384 1954 illis
399 1936 410 1946 ·
440 1916 454 1937 ⁸
467 1916 556 1955 dico
580 1916 695 1955 uobis

311 1979 403 2029 quia
426 1978 540 2017 faciet
560 1979 636 2018 cito

308 2041 520 2080 uindictam
539 2041 649 2080 illorfi
662 2062 671 2072 ·

309 2103 466 2143 Tamen
485 2104 583 2143 filius
602 2105 711 2144 homi

309 2167 370 2211 nis
393 2168 554 2206 ueniens
577 2175 664 2206 nu·-

309 2229 404 2280 quid
424 2230 594 2268 inueniet
613 2230 639 2268 fi

309 2292 400 2331 dem
422 2292 463 2330 in
481 2286 627 2331 *terram
643 2313 652 2324 ·

309 2354 324 2376 ⁹
335 2354 444 2393 Dixit
463 2361 592 2394 autem
607 2355 657 2395 ad
676 2367 776 2407 quos

309 2416 403 2455 dam
447 2418 514 2468 qui
537 2418 608 2456 sibi
627 2419 699 2469 ipsi

310 2479 550 2518 confitebant
571 2486 652 2519 tam

309 2553 429 2592 quam
443 2542 530 2580 iusti
553 2548 683 2581 essent
698 2564 707 2574 ·

309 2609 349 2641 et
368 2605 602 2654 spernebant
621 2617 666 2644 ce

310 2672 415 2704 teros
460 2666 656 2705 similitudi

310 2740 403 2766 nem
423 2728 535 2766 istam
549 2749 558 2759 ·
575 2750 583 2759 ·
614 2728 644 2749 ²⁰
655 2729 747 2768 Duo

310 2789 489 2829 homines
508 2803 627 2829 ascen

310 2852 448 2891 derunt
466 2852 506 2891 in
525 2853 706 2904 templu·-

1194 207 1428 248 LUCAN-

808 330 851 363 ut
874 330 1031 363 orarent
1045 344 1054 354 ·
1099 334 1202 362 unus

810 387 968 426 fariseus
986 407 996 417 ·
1040 392 1078 426 et
1096 398 1198 426 unus

809 451 1041 501 puplicanus
1057 470 1067 480 ·

810 512 839 534 ¹¹
854 513 968 551 Stans
987 513 1141 564 itaquae
1160 511 1206 551 fa-

809 577 956 615 risaeus
976 576 1031 614 sic
1051 576 1183 615 orabat

811 638 870 677 ΒΞ
890 638 1028 689 gratias
1046 650 1122 688 ago
1141 638 1211 676 tibi
1227 658 1236 668 ·

812 701 901 752 quia
921 713 1002 739 non
1022 713 1109 739 sum
1129 701 1228 739 sicut

811 764 927 802 ceteri
946 763 1151 801 hominum
1163 783 1173 793 ·

810 832 985 876 raptores
1030 826 1159 864 iniusti
1176 846 1185 855 ·

811 888 974 927 adulteri
989 910 998 920 ·
1038 888 1144 928 uelut
1162 900 1184 927 e

809 952 904 989 tiam
924 951 986 991 hic
1006 951 1236 1003 puplicanus
1253 971 1262 980 ·

811 1012 842 1035 ¹²
852 1014 981 1053 ieiuno
1001 1015 1060 1053 bis
1078 1015 1119 1052 in
1138 1014 1259 1052 sabba

810 1077 925 1115 bato·
966 1077 1119 1116 decimo
1133 1077 1266 1116 omnia

811 1151 1081 1190 quaecumque
1097 1139 1212 1189 adqui

811 1214 856 1241 ro
873 1223 881 1232 ·
893 1204 905 1232 '·
921 1223 930 1233 ·
944 1202 973 1223 1³
984 1203 1035 1240 Et
1047 1202 1277 1253 puplicanus

812 1277 836 1303 a
853 1265 971 1316 longe
992 1272 1097 1304 stans
1117 1264 1205 1303 nole

812 1328 880 1366 bat
939 1340 1012 1366 nec
1032 1327 1168 1366 oculos
1189 1327 1224 1366 le

813 1402 905 1428 uare
925 1389 975 1428 ad
994 1390 1146 1429 caelum
1160 1410 1168 1420 ·

813 1452 883 1492 sed
902 1453 1140 1503 percutiebat

812 1522 950 1566 pectus
970 1519 1042 1554 susi
1062 1515 1196 1554 dicens

813 1664 871 1703 Ds
890 1663 1079 1715 propitius
1098 1670 1183 1703 esto

812 1727 908 1765 mihi
927 1727 1127 1777 peccatori
1141 1747 1150 1757 ·

811 1788 841 1810 ¹⁴
853 1789 954 1828 Dico
973 1790 1084 1828 uobis
1103 1789 1194 1840 quia
1210 1788 1278 1827 des

812 1851 942 1890 cendit
962 1852 1024 1890 hic
1043 1852 1201 1902 puplica

811 1925 886 1951 nus
908 1914 1135 1953 iustificatus

810 1976 852 2014 in
871 1977 1033 2015 domum
1053 1988 1164 2015 suam

811 2039 936 2089 magis
956 2052 1075 2090 quam
1095 2039 1156 2078 ille
1175 2039 1213 2078 fa

809 2102 932 2140 riseus
953 2123 961 2133 ·
979 2123 989 2132 ·
1007 2123 1015 2133 ·
1046 2102 1137 2153 quia
1156 2114 1223 2141 om

809 2164 870 2202 nis
890 2164 956 2215 qui
976 2177 1016 2203 se
1036 2165 1178 2203 exaltat
1194 2185 1203 2196 ·

810 2226 1093 2266 humiliabitur·
1135 2233 1174 2267 et

810 2290 896 2341 quis
915 2302 957 2329 se
977 2290 1152 2329 humiliat
1165 2311 1174 2321 ·
1215 2303 1263 2329 ex

810 2353 988 2391 altabitur
1002 2373 1011 2383 ·
1026 2373 1035 2383 ·
1050 2374 1060 2383 ·
1088 2351 1120 2374 ¹⁵
1132 2353 1234 2392 Adfe

810 2416 948 2454 rebant
967 2422 1098 2454 autem
1117 2415 1167 2455 ad
1187 2416 1212 2454 il

809 2478 890 2516 lum
908 2484 946 2517 et
965 2478 1132 2517 infantes

810 2546 852 2578 ut
872 2552 941 2579 eos
961 2546 1135 2591 tangeret
1149 2562 1158 2572 ·
1202 2586 1206 2590 ⁸

811 2602 917 2652 quod
930 2609 1008 2641 cum
1020 2603 1195 2642 uiderent
1207 2602 1266 2642 dis

811 2665 928 2716 cipuli
971 2665 1224 2715 increpabant

810 2727 896 2765 illos
912 2748 920 2757 ·
950 2725 979 2748 ¹⁶
993 2727 1051 2765 ihs
1071 2734 1201 2766 autem

811 2801 1037 2828 conuocans
1057 2789 1141 2829 illos

813 2852 910 2890 dixit
923 2874 931 2882 ·
976 2851 1095 2891 Sinite

1345 333 1487 373 pueros
1502 321 1635 360 uenire

1345 385 1395 424 ad
1414 397 1478 423 me
1517 391 1556 423 et
1574 384 1694 423 nolite

1346 460 1415 487 eos
1434 455 1565 486 uetare
1586 468 1595 478 ·
1638 446 1705 486 tali

1345 522 1413 549 um
1433 517 1491 550 est
1510 511 1616 550 enim
1635 523 1706 560 reg

1346 585 1443 612 num
1463 574 1502 612 di
1514 595 1523 604 ·
1539 594 1547 604 ·
1581 572 1611 595 ¹⁷
1622 573 1753 612 Amen

1345 636 1434 684 dico
1453 637 1566 676 uobis
1586 636 1652 688 qui

1346 712 1514 751 cumque
1533 712 1614 738 non
1634 711 1728 738 acce

1346 763 1445 813 perit
1463 775 1630 812 regnum
1650 762 1691 801 di

1347 826 1445 864 sicut
1464 838 1559 876 puer
1578 837 1661 863 non
1680 825 1722 863 in

1346 888 1462 926 trabit
1481 888 1521 926 in
1541 887 1635 926 illud
1649 908 1659 918 ·

1346 949 1374 972 ²⁸
1387 950 1465 993 †Et
1483 950 1733 1001 interrogauit
1752 954 1802 989 eii

1347 1014 1505 1064 quidam
1530 1013 1665 1052 dicens
1681 1034 1691 1044 ·

1347 1076 1533 1126 magister
1551 1077 1679 1115 bonae

1348 1139 1442 1189 quid
1461 1139 1642 1178 faciendo
1662 1139 1742 1177 uita

1349 1208 1544 1240 aeternam
1563 1201 1721 1252 posside

1347 1265 1400 1303 bo
1414 1285 1423 1294 ·
1453 1263 1483 1286 ¹⁹
1494 1264 1604 1302 Dixit
1622 1270 1751 1302 autem

1348 1327 1384 1365 ei
1403 1327 1463 1365 ihs
1503 1327 1597 1377 quid
1617 1339 1680 1365 me
1700 1326 1740 1364 di

1348 1389 1403 1428 cis
1422 1390 1572 1428 bonum
1617 1401 1735 1428 nemo

1348 1452 1476 1491 bonus
1495 1451 1569 1489 nisi
1587 1463 1689 1489 unus

1350 1514 1395 1554 ds
1412 1534 1421 1544 ·
1450 1512 1480 1535 ²⁰
1493 1514 1676 1552 mandata
1696 1525 1770 1553 nos

1349 1577 1378 1615 ti
1395 1597 1403 1607 ·
1444 1589 1527 1615 non
1546 1576 1702 1615 occides

1350 1677 1431 1704 non
1451 1664 1678 1703 adulterium
1698 1663 1748 1703 ad

1348 1727 1477 1766 mittes
1515 1739 1596 1765 non
1617 1726 1716 1765 furti-1

1348 1790 1467 1828 facies
1483 1810 1491 1819 ·
1522 1801 1604 1827 non
1624 1789 1722 1827 falsi-1

1348 1852 1615 1891 testimonium
1635 1852 1742 1890 dices
1759 1872 1768 1882 ·

1348 1914 1500 1953 honora
1518 1920 1669 1964 patrem
1692 1917 1760 1952 tufi

1349 1983 1386 2016 et
1405 1983 1568 2015 matrem
1582 1997 1592 2006 ·
1627 1975 1654 1999 ²¹
1667 1976 1733 2014 Ait
1753 1976 1814 2014 ille

1348 2039 1444 2079 haec
1460 2039 1593 2078 omnia
1612 2038 1803 2078 custodiui

1349 2115 1372 2141 a
1394 2103 1592 2141 iuuentute
1611 2114 1701 2140 mea
1717 2122 1726 2132 ·
1742 2124 1798 2130 ——

1346 2164 1376 2186 ²²
1389 2164 1480 2213 Quo
1500 2164 1631 2204 audito
1654 2164 1713 2202 ihs
1733 2165 1784 2203 ait

1348 2228 1476 2267 adhuc
1495 2240 1619 2265 unum
1637 2228 1705 2265 tibi
1725 2227 1774 2266 de

1347 2298 1405 2330 est
1418 2312 1427 2321 ·
1471 2291 1605 2329 omnia
1624 2294 1774 2341 quaecfi

1348 2365 1424 2404 que
1444 2352 1566 2391 habes
1585 2352 1715 2391 uende

1347 2422 1386 2455 et
1405 2415 1456 2454 da
1474 2415 1710 2466 pauperibus
1722 2435 1733 2445 ·

1347 2484 1385 2517 et
1405 2478 1565 2516 habebis
1584 2477 1749 2516 thensau

1347 2553 1434 2579 rum
1453 2541 1493 2578 in
1514 2540 1623 2578 caelo
1664 2546 1701 2578 et
1723 2551 1773 2578 ue

1348 2604 1389 2641 ni
1408 2615 1570 2654 sequere
1589 2615 1653 2641 me
1666 2623 1675 2632 ·
1691 2623 1699 2632 ·
1734 2601 1762 2622 ²⁸
1774 2601 1814 2640 Is

1349 2665 1411 2704 ille
1431 2665 1571 2703 auditis
1591 2664 1735 2703 contris

1349 2733 1450 2766 tatus
1470 2734 1529 2765 est
1545 2748 1553 2757 ·
1595 2726 1685 2777 quia
1704 2726 1813 2765 diues

1349 2795 1429 2828 erat
1446 2788 1560 2827 ualde
1576 2809 1585 2819 ·
1623 2786 1652 2809 ²4
1664 2788 1815 2828 Uidens

1349 2857 1480 2890 autem
1499 2851 1608 2889 illum
1628 2850 1687 2889 ihs

1347 2913 1494 2953 tristem
1508 2913 1674 2953 factum·
1718 2913 1815 2952 dixit

2234 215 2310 244 101

1847 330 1967 370 quam
1986 318 2139 357 difficile
2159 319 2226 370 qui

1848 381 2037 432 pecunias
2055 381 2204 420 habent
2277 427 2284 430 ,

1848 444 1889 482 in
1909 457 2075 494 regnum
2095 445 2134 482 di
2151 445 2252 483 intra

1819 540 1825 546 x
1849 508 1946 545 bunt
1962 528 1972 538 ·
2001 507 2030 530 ²⁶
2043 507 2191 546 facilius
2213 514 2271 546 est

1849 570 1955 609 enim
1975 571 2167 609 camelum
2191 583 2263 621 per

1849 632 2026 671 foramen
2045 645 2139 671 acus
2158 639 2246 672 tran

1850 696 1924 734 sire
1966 707 2086 747 quam
2105 696 2223 735 diuite

1850 758 1890 796 in
1910 770 2032 808 regno
2052 758 2090 796 di
2108 759 2263 798 introire
2279 779 2288 790 ·

1849 820 1879 842 ²⁶
1891 821 2082 859 Dixerunt
2101 829 2231 861 autem
2250 822 2317 873 qui

1850 883 2060 922 audiebant
2076 904 2085 914 ·
2126 891 2165 923 et
2184 885 2271 936 quis

1850 953 1979 996 potest
2000 946 2129 986 saluus
2152 948 2233 986 fieri
2250 968 2260 978 ·

1849 1007 1932 1048 2''At
1944 1009 2005 1048 ille
2018 1009 2114 1048 dixit
2126 1031 2135 1040 ·
2162 1023 2263 1062 quae
2276 1011 2317 1050 in

1848 1072 2154 1122 possibiliasunt
2173 1086 2197 1112 a

1849 1134 1931 1185 pud
1950 1135 2129 1173 homines
2145 1156 2155 1166 ·
2195 1147 2271 1186 pos

1850 1197 1973 1236 sibilia
1992 1203 2082 1236 sunt
2100 1204 2195 1248 aput

1851 1259 1918 1297 dm
1932 1280 1940 1289 ·
1955 1280 1965 1290 ·
1980 1281 1989 1290 ·
2019 1257 2048 1281 ²⁸
2062 1259 2129 1299 Ait
2147 1267 2278 1300 autem

1851 1328 1982 1372 petrus
1998 1343 2008 1352 ·
2048 1335 2140 1361 ecce
2159 1335 2235 1362 nos

1850 1383 1988 1422 relictis
2007 1385 2191 1424 omnibus

1851 1448 1965 1485 rebus
1985 1447 2124 1486 nostris
2143 1459 2186 1486 se

1852 1509 1928 1547 cuti
1947 1522 2082 1548 sumus
2101 1516 2138 1549 te
2155 1531 2164 1541 ·
2180 1531 2235 1539 —-

1851 1569 1879 1593 ²⁹
1892 1572 2045 1620 Quibus
2068 1573 2151 1624 ipse
2171 1573 2268 1612 dixit

1850 1660 1980 1699 Amen
2003 1661 2091 1700 dico
2110 1662 2223 1700 uobis
2236 1682 2246 1693 ·

1850 1735 1969 1762 nemo
1988 1730 2046 1762 est
2064 1725 2131 1775 qui
2148 1724 2244 1763 relin

1850 1786 1934 1837 quit
1952 1786 2113 1825 domum
2129 1807 2139 1817 ·
2182 1793 2248 1826 aut

1849 1855 2031 1898 parentes
2047 1869 2056 1879 ·
2098 1856 2163 1887 aut
2182 1850 2240 1889 fra

1848 1916 1926 1949 tres
1941 1931 1951 1941 ·
1987 1917 2052 1950 aut
2070 1915 2192 1951 uxore·

1850 1979 1914 2012 aut
1932 1973 2031 2012 filios
2050 1987 2151 2025 prop
2208 1975 2211 1980 ’

1849 2042 1907 2075 ter
1925 2048 2090 2087 regnum
2109 2037 2149 2075 di
2162 2059 2218 2066 ——

1849 2099 1879 2120 ⁸⁰
1891 2099 1957 2150 qui
1976 2111 2058 2138 non
2079 2100 2238 2151 recipiat

1850 2162 2020 2212 septiens
2039 2168 2189 2201 tantum

1850 2224 1891 2262 in
1910 2224 1985 2263 hoc
2004 2230 2180 2275 tempore

1831 2293 1889 2326 'et
1909 2287 1948 2325 in
1969 2287 2100 2326 seculo
2120 2294 2238 2326 uentu

1850 2362 1894 2388 ro
1913 2350 2034 2388 uitam
2053 2354 2210 2389 aeterna
2223 2371 2231 2381 ·
2250 2372 2258 2381 ·
2277 2372 2286 2382 ·

1850 2411 1876 2433 ⁸¹
1890 2411 2090 2450 Adsumsit
2109 2419 2240 2451 autem

1849 2474 1909 2512 ihs
1928 2474 2135 2513 duodecim

1850 2543 1887 2575 et
1907 2538 1958 2576 ait
1978 2537 2028 2575 ad
2046 2538 2133 2576 illos
2147 2558 2156 2569 ·

1849 2612 1941 2638 ecce
1961 2600 2208 2638 ascendimus

1848 2662 2110 2712 hierosolyma
2130 2683 2140 2693 ·
2169 2669 2208 2702 et

1849 2725 2167 2763 consummabun

1847 2793 1907 2826 tur
1926 2787 2058 2826 omnia
2075 2800 2152 2839 que

1849 2850 1991 2900 scripta
2010 2856 2099 2889 sunt
2119 2862 2189 2901 per

1848 2912 2019 2964 profetas
2039 2913 2086 2952 de
2107 2913 2187 2952 filio

2334 323 2416 355 Fol-
2432 323 2517 355 140.
