2872 3268
316 341 399 373 1¹01.
411 340 491 374 138.

518 213 573 270 98

522 333 650 374 ducite
668 331 832 371 uitulum

520 396 628 435 illum
647 402 801 446 pastum
847 400 887 433 et

521 459 686 498 occidite
704 464 743 497 et
763 469 857 496 man

521 521 709 560 ducemus
728 526 767 559 et
786 531 887 571 aepu

521 584 646 623 lemur
690 584 721 606 ²4
732 583 822 634 quia
841 582 903 621 hic

522 646 622 685 filius
641 658 752 685 meus
776 657 862 684 mor

521 716 611 749 tuus
630 715 712 749 erat
729 715 767 747 et
786 721 827 747 re

522 772 618 810 uixit
633 792 643 802 ·
686 771 850 821 perierat

523 842 562 873 et
580 835 759 872 inuentus
779 839 837 872 est
853 852 862 862 ·

523 904 562 936 et
581 901 790 947 coeperunt
809 905 910 944 aepu

522 959 614 998 lari·
643 959 673 981 ²⁵
685 958 779 996 Erat
797 960 884 995 aute

524 1022 624 1061 filius
644 1021 726 1060 eius
746 1019 876 1058 senior

524 1086 564 1124 in
584 1095 679 1134 agro
718 1089 756 1121 et
775 1094 867 1120 cum

523 1147 671 1186 ueniret
689 1151 727 1184 et
749 1144 872 1194 adpro

524 1210 646 1261 piaret
665 1207 823 1246 domui·

524 1272 671 1311 audiuit
690 1269 882 1321 symfonia

525 1342 564 1374 et
582 1332 745 1373 chorum
761 1354 770 1363 ·
800 1333 828 1354 2⁶
840 1337 878 1370 et
901 1342 955 1370 uo

524 1398 628 1437 cauit
646 1408 769 1436 unum
788 1395 837 1434 de

524 1460 645 1499 seruis
692 1465 730 1497 et
748 1459 846 1496 inter

524 1523 677 1574 rogauit
718 1533 818 1573 quae

1429 212 1588 254 SECD
1604 233 1612 243 ·

1021 336 1063 369 ut
1082 342 1172 369 cum
1191 330 1326 369 amicis
1345 341 1409 370 me

1021 394 1054 432 is
1074 393 1297 444 aepularem
1313 414 1323 424 ·

1022 456 1052 478 ⁸⁰
1067 455 1142 494 Sed
1160 462 1371 507 postquam
1390 455 1443 494 fili

1022 531 1069 557 us
1087 518 1151 557 hic
1169 524 1258 557 tuus
1301 518 1367 568 qui

1025 581 1224 620 deuorauit
1244 582 1317 619 sub

1024 644 1203 682 stantiam
1221 649 1328 682 tuam

1026 718 1116 746 cum
1135 706 1368 744 meretricib‘J

1025 769 1132 807 uenit
1148 774 1186 807 et
1205 769 1379 807 occidisti

1025 839 1078 877 ini
1097 835 1261 877 uitulum
1281 829 1394 877 {iiam

1025 901 1133 939 illum
1152 907 1306 951 pastum
1319 921 1328 931 ·
1346 921 1355 931 ·

1025 962 1054 984 ³²
1069 969 1106 1002 et
1125 963 1209 1014 ipse
1229 963 1324 1001 dixit
1342 963 1394 1001 illi
1409 984 1419 994 ·

1026 1026 1078 1064 fili
1098 1032 1139 1064 tu
1159 1035 1314 1064 mecum
1334 1025 1375 1063 fu

1025 1089 1086 1127 isti
1110 1100 1264 1138 semper
1283 1094 1321 1126 et
1340 1100 1382 1126 es
1395 1109 1405 1118 ·

1026 1157 1064 1189 et
1083 1150 1217 1190 omnia
1235 1157 1302 1189 tua
1321 1162 1411 1189 mea

1027 1218 1117 1252 sunt
1133 1233 1142 1242 -
1171 1211 1200 1233 ⁸²
1212 1211 1384 1262 aepulari
1403 1224 1453 1251 au

1026 1282 1106 1314 tem
1126 1281 1164 1313 et
1181 1274 1354 1325 gaudere

1026 1343 1182 1389 oportet
1229 1337 1337 1388 quod

1027 1401 1141 1439 frater
1160 1406 1258 1439 tuus
1272 1411 1360 1438 mor

1026 1469 1116 1502 tuus
1135 1469 1216 1501 erat
1235 1468 1272 1500 et
1291 1462 1427 1500 reuixit

1027 1525 1192 1576 perierat
1212 1531 1251 1564 et
1270 1525 1388 1563 inuen

1192 1593 1255 1626 tUS
1278 1593 1337 1626 eSt
1350 1603 1404 1622 ses

1558 343 1582 370 a
1601 343 1663 370 me
1683 331 1948 377 uilicationem

1559 394 1692 434 fodere
1712 406 1794 433 non
1812 394 1926 434 ualeo

1559 456 1781 495 mendicare
1795 468 1863 495 eru

1558 519 1678 558 besco
1694 540 1703 549 ·
1733 519 1748 541 ⁴
1760 519 1932 570 cognoui

1560 581 1652 632 quid
1671 581 1810 621 faciam
1827 602 1836 612 ·
1876 587 1919 620 ut

1561 656 1650 683 cum
1671 651 1826 683 amotus
1845 643 1908 684 fue

1560 718 1606 745 ro
1652 719 1675 745 a
1693 707 1912 746 uilicatione

1559 769 1746 820 recipiant
1765 782 1827 808 me
1847 770 1888 807 in

1561 831 1698 870 domos
1717 844 1805 871 suas
1822 853 1831 862 ·
1861 832 1876 854 ⁶
1889 831 1978 871 Con

1560 894 1710 932 uocatis
1729 895 1881 945 itaquae

1562 956 1736 1007 singulos
1756 957 1890 996 debito

1562 1031 1624 1058 res
1644 1019 1711 1058 dni
1725 1020 1783 1058 sui
1797 1040 1806 1050 ·
1848 1019 1933 1058 dice

1563 1082 1630 1120 bat
1647 1082 1773 1132 primo
1824 1094 1930 1132 quan

1563 1150 1647 1182 tum
1666 1144 1785 1183 debes
1805 1145 1885 1183 dfio

1564 1218 1653 1245 meo
1670 1227 1679 1237 ·
1709 1206 1723 1227 ⁶
1734 1213 1774 1245 at
1790 1207 1852 1246 ille
1872 1207 1969 1245 dixit

1564 1275 1721 1308 centurn
1739 1270 1851 1308 batos
1871 1269 1946 1308 olei
1962 1290 1971 1300 -

1565 1332 1671 1370 Dixit
1690 1338 1820 1371 autem
1837 1331 1889 1370 illi
1931 1344 1978 1371 ac

1564 1395 1652 1446 cipe
1671 1395 1814 1433 litteras
1833 1400 1919 1433 tuas
1940 1416 1948 1425 ·

1564 1464 1602 1497 et
1622 1458 1712 1497 sede
1733 1457 1810 1496 cito
1830 1458 1955 1497 scribe

1566 1521 1817 1571 cinquaginta
1831 1542 1886 1548 —

2179 219 2271 262 [XV.
2291 223 2455 265 23—xvl.
2476 222 2529 259 16.

2058 332 2100 370 in
2119 338 2275 372 aeterna
2293 334 2455 374 taberna

2060 393 2148 433 cula
2164 415 2172 425 -
2201 394 2231 416 ¹⁰
2244 395 2310 446 qui
2329 395 2406 435 fide

2059 457 2106 495 lis
2126 462 2184 495 est
2203 457 2244 495 in
2263 458 2428 498 minimo

2061 525 2099 558 et
2119 519 2160 557 in
2179 519 2303 558 maius
2323 519 2447 560 fidelis

2062 586 2120 620 est
2137 602 2145 612 ·
2187 588 2224 620 et
2243 582 2309 632 qui
2327 582 2368 621 in
2386 581 2457 623 mo*

2061 643 2151 682 dico
2171 644 2317 683 inicuus
2336 651 2395 684 est

2062 712 2100 745 et
2119 706 2159 744 in
2178 707 2304 745 maius
2323 708 2476 747 inicuus

2061 775 2120 808 est
2135 789 2145 799 ·
2174 767 2203 789 Π
2217 768 2257 808 Si
2277 782 2372 820 ergo
2391 771 2433 809 in

2062 843 2248 870 mamona
2265 832 2399 884 iniquo

2063 893 2196 932 fideles
2215 906 2298 933 non
2317 894 2440 934 fuistis
2456 916 2466 925 ·

2064 956 2171 1007 quod
2190 964 2359 996 uestrum
2378 964 2437 996 est

2064 1019 2151 1070 quis
2171 1019 2301 1058 credet
2319 1021 2434 1059 uobis
2450 1041 2460 1051 ·

2064 1080 2094 1103 ¹²
2105 1088 2143 1120 et
2162 1083 2193 1120 si
2212 1082 2253 1120 in
2272 1082 2398 1122 alieno
2420 1083 2497 1122 fide

2064 1144 2121 1183 les
2140 1157 2221 1183 non
2240 1144 2362 1184 fuistis
2379 1167 2388 1176 ·

2066 1207 2173 1258 quod
2197 1214 2371 1246 uestrum

2067 1275 2124 1307 est
2143 1270 2229 1321 quis
2249 1269 2355 1309 dabit
2372 1282 2426 1309 uo

2067 1332 2150 1370 bis·
2179 1330 2208 1352 ¹⁸
2221 1344 2339 1371 nemo
2359 1344 2494 1372 seruus

2067 1394 2222 1433 duobus
2242 1394 2329 1433 dfiis
2349 1407 2403 1446 po

2066 1462 2139 1495 test
2159 1457 2298 1495 seruire
2339 1463 2405 1496 aut

2067 1520 2172 1558 enim
2190 1531 2313 1558 unum
2332 1519 2435 1559 odiet

2547 342 2629 375 ποι.
2646 342 2730 392 134,

2069 1677 2106 1710 et
2125 1668 2288 1710 alterum
2307 1670 2452 1709 amabit

2069 1740 2135 1773 aut
2151 1745 2275 1772 unum
2294 1734 2459 1784 patietur

2069 1803 2107 1836 et
2126 1796 2287 1835 alterurn
2306 1802 2467 1835 contem

2069 1865 2136 1908 net
2149 1879 2158 1889 ·
2207 1858 2302 1897 Non
2320 1859 2483 1909 potestis

2070 1921 2122 1960 df>
2142 1921 2284 1959 seruire
2304 1927 2342 1959 et
2361 1933 2427 1959 ma

2070 1996 2190 2023 mona
2203 2004 2212 2014 ·
2227 2004 2236 2014 ·
2251 2004 2260 2014 ·
2286 1982 2540 2023 ¹⁴Audiebant

2069 2052 2200 2085 autem
2220 2047 2352 2085 omnia
2371 2046 2469 2086 haec

2069 2108 2219 2148 farisaei
2238 2110 2303 2160 qui
2320 2115 2431 2148 erant

2069 2173 2175 2210 auari
2213 2179 2251 2210 et
2270 2172 2403 2211 deride

2068 2235 2163 2273 bant
2182 2247 2274 2273 eum
2286 2255 2295 2264 ·
2327 2233 2356 2255 ¹⁵
2367 2241 2405 2273 et
2424 2234 2478 2273 ait

2069 2297 2141 2335 illis
2155 2318 2164 2327 -
2207 2296 2293 2335 Uos
2311 2297 2404 2335 estis
2423 2297 2490 2347 qui

2069 2359 2278 2398 iustificatis
2297 2371 2370 2398 uos
2390 2371 2440 2397 co

2069 2434 2154 2460 ram
2172 2422 2397 2460 hominibus
2410 2442 2420 2451 ·

2070 2485 2115 2523 ds
2135 2490 2266 2523 autem
2284 2485 2395 2523 nouit
2413 2496 2485 2523 cor

2070 2546 2120 2585 da
2139 2553 2267 2586 uestra
2305 2547 2396 2598 quia

2069 2609 2174 2661 quod
2194 2610 2417 2648 hominibus

2070 2673 2238 2711 aelatum
2256 2678 2315 2711 est
2356 2673 2461 2712 abho

2069 2736 2229 2775 minatio
2249 2742 2306 2775 est
2325 2742 2417 2775 ante

2070 2799 2137 2837 dffi
2153 2820 2162 2829 ·
2191 2797 2293 2838 ¹⁰lex
2314 2804 2351 2837 et
2370 2797 2483 2849 profe

2068 2867 2130 2901 tae
2149 2870 2239 2913 usq*
2257 2860 2307 2900 ad
2329 2860 2536 2900 iohanne-

1564 1672 1580 1694 '⁷
1593 1671 1733 1710 deinde
1753 1672 1816 1710 alii
1836 1671 1932 1710 dixit
1949 1692 1958 1702 ·

1566 1741 1608 1774 tu
1627 1741 1818 1785 quantum
1839 1734 1960 1773 debes

1568 1798 1619 1836 ait
1632 1818 1641 1828 ·
1683 1803 1838 1836 eentum
1858 1797 1934 1836 cho

1567 1873 1633 1899 rus
1652 1861 1764 1899 tritici
1778 1881 1787 1891 ·
1831 1860 1882 1899 ait
1901 1866 1939 1898 et

1567 1923 1644 1962 illi·
1688 1923 1822 1974 accipe
1841 1923 1968 1962 literas

1568 1992 1654 2024 tuas
1673 1993 1712 2025 et
1732 1986 1857 2025 scribe
1879 2007 1887 2016 ·
1918 1991 2012 2023 uctu

1569 2048 1649 2087 inta
1663 2069 1672 2078 ·
1701 2048 1715 2070 ⁸
1729 2048 1781 2086 Et
1799 2048 1971 2087 laudauit

1569 2111 1642 2150 dfis
1661 2111 1819 2150 uilicum
1837 2111 1958 2161 iniqui

1566 2174 1655 2212 tatis
1706 2174 1812 2226 quod
1829 2174 1982 2224 pruden

1567 2243 1625 2275 ter
1637 2236 1770 2274 fecerit
1786 2257 1794 2266 ·
1836 2236 1927 2286 quia

524 1673 622 1713 haec
642 1678 772 1711 essent
785 1692 794 1702 ·
824 1670 854 1693 ²⁷
866 1670 924 1709 his
993 1674 1013 1697 *
1029 1679 1091 1715 16.
1105 1675 1435 1714 ¹Dicebatautem
1447 1681 1485 1714 et

525 1748 625 1788 quae
645 1735 742 1775 dixit
762 1734 813 1772 illi
834 1734 939 1789 quia·
993 1738 1080 1790 *sad
1101 1737 1313 1789 discipulos
1337 1750 1383 1777 su

525 1800 639 1838 frater
658 1805 748 1838 tuus
767 1798 874 1837 uenit
995 1801 1015 1823 *
1031 1813 1076 1840 os
1097 1801 1156 1838 ihs
1172 1821 1181 1831 .
1222 1801 1344 1839 homo
1363 1801 1431 1851 qui

526 1869 565 1902 et
584 1862 728 1901 occidit
746 1867 855 1912 pater
873 1866 915 1898 tu
992 1863 1013 1886 *
1029 1864 1122 1902 dam
1140 1869 1220 1902 erat
1240 1864 1348 1902 diues

526 1938 573 1964 us
592 1925 755 1964 uitulum
775 1924 883 1962 illum
1031 1927 1096 1978 qui
1116 1926 1286 1965 habebat
1307 1926 1371 1965 uili

526 1995 681 2039 pastum
724 1987 815 2038 quia
834 1986 891 2024 sal
1030 2001 1123 2028 cum
1136 2009 1145 2019 ·
1189 1995 1226 2027 et
1246 1988 1308 2027 hic
1329 1988 1422 2027 diffa

527 2063 622 2089 uum
641 2051 748 2088 illum
767 2062 854 2088 rece
1030 2058 1157 2090 matus
1177 2047 1259 2090 erat
1274 2051 1378 2102 apud

528 2114 585 2165 pit
601 2134 610 2144 ·
639 2113 668 2135 ²⁸
680 2113 904 2162 indignatus
1028 2114 1138 2152 illum
1185 2114 1295 2164 quasi
1315 2114 1373 2152 dis

529 2183 588 2216 est
607 2182 736 2214 autem
757 2181 795 2213 et
814 2174 941 2213 noluit
1031 2177 1195 2226 sipasset
1213 2176 1320 2214 bona
1339 2176 1420 2214 eius
1435 2197 1444 2206 -

528 2240 668 2277 intrare
684 2260 693 2269 ·
733 2238 847 2276 Pater
1030 2237 1045 2258 ²
1057 2245 1094 2276 et
1109 2239 1267 2276 uocauit
1285 2238 1392 2277 illum

529 2314 625 2341 uero
644 2301 743 2339 illius
762 2311 875 2349 egres
1032 2301 1082 2339 ad
1102 2313 1143 2339 se
1163 2306 1201 2339 et
1216 2301 1267 2339 ait
1286 2301 1337 2339 illi

531 2377 597 2403 sus
617 2363 744 2414 coepit
762 2373 900 2412 rogare
1033 2363 1125 2414 quid
1144 2363 1222 2402 hoc
1242 2361 1357 2402 audio
1377 2363 1425 2402 de

531 2427 638 2465 illum
654 2448 663 2457 ·
692 2425 721 2447 ²⁹
734 2432 772 2463 at
790 2425 852 2463 ille
871 2435 933 2462 res
1033 2433 1094 2465 te·
1135 2418 1256 2464 redde
1274 2427 1372 2465 ratio

532 2489 713 2540 ponderis
732 2488 827 2527 dixit
845 2499 897 2537 pa
1033 2500 1125 2527 nem
1144 2488 1373 2526 uilicationis

533 2553 579 2589 tri
600 2564 670 2590 suo
685 2572 693 2581 ·
737 2562 828 2589 ecce
849 2547 956 2600 quod
1032 2557 1122 2589 tuae
1137 2571 1146 2580 ·
1163 2572 1171 2580 ·
1217 2551 1295 2588 iam
1316 2551 1422 2589 enim

534 2615 646 2652 annis
666 2614 791 2652 seruio
812 2612 879 2651 tibi
1034 2626 1115 2652 non
1135 2613 1278 2663 poteris
1298 2613 1364 2651 uili

535 2682 574 2713 et
592 2687 806 2725 numquam
825 2686 918 2712 man
1034 2689 1121 2715 care
1135 2696 1144 2706 ·
1174 2675 1187 2696 ³
1200 2675 1267 2714 Ait
1285 2677 1374 2714 aute

537 2737 670 2775 datum
689 2744 796 2775 tuum
815 2748 908 2786 prae
1034 2739 1169 2777 uilicus
1189 2739 1288 2777 intra
1305 2751 1369 2777 se-

1034 2801 1141 2848 Quid
1160 2801 1300 2840 faciam
1341 2801 1433 2852 quia

1035 2864 1108 2902 dns
1127 2876 1237 2903 meus
1256 2863 1377 2903 aufert

1569 2299 1621 2337 fili
1640 2299 1751 2337 huius
1771 2298 1889 2337 seculi

1568 2362 1837 2413 prudentiores
1856 2366 1946 2399 sunt

1568 2437 1688 2476 quam
1702 2424 1755 2462 fili
1773 2424 1869 2463 lucis

1567 2487 1608 2525 in
1627 2486 1702 2526 hac
1721 2486 1893 2537 generati

1569 2562 1645 2588 one
1662 2571 1670 2580 ·
1689 2571 1697 2580 ·
1716 2571 1724 2580 ·
1755 2549 1832 2587 ⁹Et
1851 2561 1929 2599 ego
1948 2559 2000 2587 uo

1567 2613 1629 2651 bis
1649 2612 1736 2651 dico
1775 2611 1886 2650 facite
1906 2623 1958 2649 uo

1567 2676 1627 2714 bis
1646 2675 1792 2714 amicos
1813 2675 1861 2713 de
1880 2686 1946 2712 ma

1569 2750 1689 2777 mona
1707 2737 1913 2788 iniquitatis

1569 2807 1610 2839 ut
1629 2813 1720 2840 cum
1739 2800 1953 2840 defeceritis

1567 2864 1752 2916 recipiant
1770 2875 1842 2903 uos

537 2799 620 2836 terii
637 2819 645 2828 ·
690 2805 728 2836 et
748 2806 954 2848 numqua*

537 2860 674 2899 dedisti
694 2860 786 2898 mihi
805 2861 945 2899 aedum
