2872 3268
304 213 363 245 IX.
379 211 521 255 10-35.]

107 333 268 366 1⁸01.20.
302 332 350 371 In
370 331 490 371 domo
509 333 614 372 eius·
663 339 702 373 et

299 407 393 435 ecce
411 396 520 434 multi
539 408 593 447 pu

301 459 448 510 plicani
467 465 505 497 et
522 471 598 509 pec

303 527 454 561 catores
473 533 574 560 uene
608 521 615 528 '

303 589 393 622 runt
446 590 485 622 et
503 593 624 623 recu-

302 647 448 685 bebant
467 659 556 685 cum
575 647 641 686 ihu

300 715 340 748 et
360 709 557 760 discipulis
577 710 659 749 eius
673 727 681 737 ·

299 770 384 810 ¹¹Et
402 772 578 812 uidentes
597 773 666 811 fari

297 834 378 873 saei
397 834 578 874 dicebant

296 896 492 947 discipulis
505 897 588 936 eius
601 914 610 924 ·

297 971 416 1009 quare
435 959 619 1009 magister

294 1028 422 1061 uester
467 1034 558 1061 cum
577 1034 631 1073 pu

296 1085 513 1136 plicanibus
533 1091 571 1124 et
593 1085 612 1112 S

293 1147 563 1198 peccatoribus

295 1211 529 1250 manducat·
570 1209 659 1250 12Αῐ
677 1212 736 1251 ihs

293 1275 457 1314 audiens
503 1274 555 1312 ait
573 1274 668 1314 illis-

293 1349 378 1376 non
396 1344 455 1376 est
473 1349 573 1388 opus
589 1354 597 1363 ·
615 1351 659 1377 sa

294 1400 354 1438 nis
373 1400 549 1439 medicus
563 1418 570 1426 ·
585 1400 654 1439 sed

294 1462 398 1501 male
416 1462 647 1501 habentibus
664 1480 672 1489 ·

294 1523 476 1563 ¹³Euntes
495 1531 625 1564 autem
645 1525 704 1564 dis

294 1587 368 1626 cite
388 1587 481 1638 quid
500 1587 547 1625 sit

295 1676 595 1716 misericordiam

293 1739 387 1778 uolo
406 1745 444 1777 et
462 1751 545 1777 non
565 1739 663 1778 sacri

293 1802 426 1841 ficium
441 1818 450 1827 ·
483 1814 566 1840 non
585 1807 650 1840 eni

292 1864 383 1903 neni
400 1876 542 1903 uocare
561 1865 621 1904 ius

292 1933 353 1967 tos
373 1926 443 1966 sed
461 1934 625 1977 peccato

291 2002 354 2029 res
367 2005 376 2015 ·
416 1988 567 2029 ¹⁴Tunc
588 2002 634 2029 ac

293 2059 492 2093 cesserunt
512 2053 562 2091 ad
581 2060 658 2092 eu-

291 2116 469 2167 discipuli
487 2115 666 2155 iohannis

291 2180 490 2219 dieentes·
532 2191 652 2229 quare

290 2255 364 2282 nos
384 2248 422 2281 et
441 2241 607 2293 pharisei

289 2306 505 2345 ieiunamus
524 2304 578 2342 fre

292 2376 454 2420 quenter
467 2385 475 2394 -
517 2366 614 2406 disci

292 2431 372 2482 puli
390 2437 520 2470 autem
539 2430 593 2468 tui

293 2506 378 2532 non
396 2493 567 2532 ieiunant
580 2514 588 2524 ·
606 2514 616 2523 ·

293 2556 380 2595 ¹⁵Et
399 2557 450 2594 ait
469 2556 541 2594 illis
560 2555 619 2594 ihs
636 2576 645 2586 -

292 2618 482 2669 numquid
501 2630 574 2668 pos

295 2687 385 2722 sunt
403 2680 469 2718 filii
489 2692 594 2730 spon.

294 2745 327 2784 si
346 2744 516 2783 ieiunare
534 2763 542 2772 ·
558 2763 567 2773 ·

292 2807 479 2859 quamdiu
497 2817 587 2844 cum

293 2870 368 2910 illis
386 2874 444 2908 est
462 2879 629 2920 sponsus

1149 206 1238 247 MA
1250 201 1465 247 TTHEU
1475 229 1484 238 ·

809 332 978 372 Uenient
997 340 1125 371 autem
1144 332 1182 371 di

808 408 851 434 es
901 408 992 435 cum
1012 396 1141 434 aufere

807 464 868 497 tur
887 459 938 496 ab
956 458 1010 496 eis
1029 469 1194 508 sponsus

807 526 846 559 et
865 527 956 559 tunc
976 521 1200 559 ieiunabunt

805 583 847 621 in
865 583 936 621 illis
955 583 1089 621 diebus
1101 600 1109 608 ·

807 644 836 667 ¹⁰
844 645 883 684 N
885 658 974 685 emo
993 652 1122 683 autem
1142 657 1232 684 com

803 707 918 746 mittit
936 708 1100 746 commis

763 794 770 799 ·
802 782 890 809 sura
909 770 1028 820 panni
1046 770 1150 809 rudis

800 833 841 871 in
859 833 1131 872 uestimentum

800 902 910 933 uetus
923 913 931 921 ·
975 895 1071 934 tollit

799 959 903 996 enim
922 957 1089 997 fortitudi

800 1033 890 1060 nem
909 1021 990 1060 eius
1011 1034 1033 1060 a
1052 1021 1149 1071 uesti

799 1090 933 1123 mento
952 1085 1071 1122 ueteri
1090 1091 1127 1123 et

799 1147 906 1197 peior
926 1147 966 1185 fit
986 1148 1149 1187 scissura
1163 1166 1171 1175 ·

798 1209 872 1247 1⁷N
874 1222 971 1260 eque
990 1210 1142 1250 mittunt
1161 1211 1200 1250 ui

797 1285 892 1310 num
912 1285 1058 1311 nouum
1077 1274 1117 1311 in

796 1342 899 1374 utres
917 1342 1064 1373 ueteres
1075 1355 1083 1364 ·

798 1397 982 1449 Alioquin
1002 1410 1166 1448 rumpen

798 1466 858 1498 tur
872 1467 979 1498 utres
1029 1467 1067 1498 et
1086 1461 1124 1499 ui

799 1534 893 1560 num
913 1522 1128 1561 effundetur
1142 1540 1150 1548 ·

797 1679 835 1712 et
849 1680 951 1712 utres
970 1673 1168 1723 peribunt·

798 1735 875 1774 Sed
894 1737 1047 1775 mittunt
1065 1736 1191 1774 uinu‘*

796 1811 943 1838 nouum
962 1799 1002 1836 in
1019 1806 1122 1837 utres

797 1874 923 1901 nouos
942 1868 979 1900 et
998 1862 1116 1901 ambo
1135 1874 1196 1900 ser

795 1930 956 1962 uantur·
995 1923 1054 1970 †¹⁸
1064 1924 1175 1963 Haec

795 1986 861 2026 illo
880 1986 1060 2036 loquente
1080 1988 1134 2025 eis
1148 2012 1156 2020 ·

794 2048 900 2089 Ecce
918 2051 1099 2101 princeps
1117 2063 1166 2089 ue

795 2113 907 2154 niens
959 2114 1102 2152 accesit

795 2182 834 2214 et
853 2175 1040 2215 adorabat
1057 2188 1147 2214 eum

794 2238 928 2277 dicens
941 2256 949 2264 ·
991 2239 1175 2289 quoniam

795 2301 873 2340 filia
892 2313 980 2340 mea
999 2301 1119 2341 modo
1141 2301 1188 2340 de

792 2365 926 2404 functa
944 2371 1002 2404 est
1053 2364 1120 2403 sed

793 2427 953 2483 ueniens
971 2428 1115 2478 inpone

793 2502 955 2528 manum
976 2502 1090 2540 super
1108 2498 1184 2529 ea-

791 2558 831 2590 et
848 2553 952 2591 uiuet
973 2570 981 2578 ·
1020 2551 1106 2591 ¹⁹Et
1125 2565 1188 2591 sur

793 2628 890 2666 gens
909 2615 967 2653 ihs
987 2627 1103 2664 seque

792 2679 904 2717 batur
922 2690 1012 2716 eum
1031 2690 1120 2716 cum

793 2740 989 2791 discipulis
1009 2740 1086 2778 suis
1099 2757 1107 2766 ·

792 2802 822 2824 ²⁰
829 2803 880 2842 Et
897 2815 989 2842 ecce
1008 2802 1143 2841 mulier

794 2877 868 2917 que
888 2865 1084 2915 sanguinis

1345 332 1495 371 fluxum
1515 331 1684 373 habebat

1344 393 1549 434 duodecim
1569 396 1682 434 annis
1694 412 1703 422 ·

1343 455 1552 495 Accedens
1572 464 1675 496 retro

1342 518 1465 568 tetigit
1484 519 1621 558 fimbre

1342 591 1408 618 am
1426 581 1646 620 uestimenti

1341 642 1423 681 eius
1435 660 1443 668 ·
1486 641 1674 684 ”dicebat

1340 704 1445 743 enim
1464 705 1564 745 intra
1585 718 1648 745 se·

1341 766 1374 804 si
1391 768 1662 809 tantummodo

1337 829 1497 879 tetigero
1515 832 1612 870 uesti

1338 899 1470 931 mento
1490 893 1572 932 eius
1637 894 1694 933 sal

1337 966 1388 992 ua
1406 967 1493 994 ero·
1534 954 1699 995 ²²Ati11e

1337 1028 1547 1056 conuersus
1566 1019 1605 1056 ui

1337 1078 1433 1117 dens
1453 1091 1541 1118 eam
1561 1080 1657 1120 dixit
1673 1098 1681 1107 ·

1337 1140 1533 1181 Constans
1552 1149 1636 1182 esto
1656 1144 1682 1182 fi

1336 1203 1386 1241 lia
1431 1204 1527 1243 fides
1547 1199 1614 1244 tua'
1631 1212 1668 1244 te

1335 1265 1485 1304 saluam
1504 1267 1615 1306 fecit·
1656 1275 1695 1307 et

1334 1327 1442 1366 salua
1461 1328 1561 1368 facta
1579 1337 1637 1368 est

1334 1390 1469 1428 mulier
1486 1404 1535 1429 ex
1554 1392 1616 1431 illa
1636 1393 1687 1432 ho

1333 1465 1376 1491 ra
1390 1469 1398 1478 ·
1438 1450 1521 1492 ²⁸Et
1536 1466 1626 1492 cum
1645 1467 1693 1493 ue

1334 1514 1452 1553 nisset
1471 1515 1530 1554 ihs
1549 1516 1589 1554 in
1609 1517 1660 1556 do

1333 1677 1440 1704 mum
1460 1667 1667 1718 principis·

1331 1728 1467 1767 uidens
1487 1730 1676 1768 tubicines
1690 1747 1698 1757 ·

1330 1797 1368 1829 et
1387 1792 1540 1829 turbam
1560 1792 1683 1830 tumul

1329 1858 1503 1892 tuantem
1555 1854 1708 1894 dicebat
1722 1879 1730 1889 ·

1331 1913 1553 1954 ²⁴reeedite-
1594 1929 1674 1956 non

1331 1985 1389 2017 est
1408 1979 1513 2017 enim
1532 1987 1684 2019 mortua

1330 2041 1457 2092 puella
1476 2041 1544 2080 sed
1563 2042 1635 2080 dor

1330 2104 1399 2142 mit
1449 2110 1487 2142 et
1509 2104 1638 2142 deride

1330 2167 1423 2204 bant
1442 2179 1532 2204 eum
1580 2164 1667 2205 2⁵Et
1686 2178 1766 2206 cu-

1328 2229 1427 2267 eicta
1445 2235 1545 2267 esset
1562 2230 1673 2268 turba
1686 2248 1694 2256 ·

1328 2292 1435 2329 uenit
1453 2298 1491 2329 et
1511 2292 1631 2330 tenuit

1329 2366 1494 2392 manum
1513 2354 1595 2392 eius

1329 2422 1367 2455 et
1387 2417 1548 2455 surrexit
1570 2415 1659 2466 puel

1327 2479 1366 2518 la
1413 2477 1487 2517 2“et
1506 2479 1597 2517 exiit
1615 2478 1718 2518 fama

1328 2541 1400 2580 hee
1420 2541 1460 2578 in
1479 2547 1601 2580 totam
1620 2548 1677 2580 ter

1329 2615 1413 2642 ram
1431 2603 1538 2642 illam
1552 2624 1560 2634 ·
1579 2625 1587 2634 ·
1604 2625 1611 2634 ·
1631 2625 1638 2637 ·

1328 2665 1415 2703 2⁷Et
1433 2671 1675 2704 transseunte
1695 2665 1735 2704 in

1328 2726 1376 2766 de
1399 2727 1486 2765 ihu·
1527 2728 1647 2766 secuti

1329 2796 1417 2829 sunt
1436 2801 1526 2827 eum
1545 2790 1624 2829 duo
1643 2790 1724 2829 ceci
1737 2810 1746 2820 ·

1330 2852 1542 2891 clamantes
1561 2858 1599 2891 et
1617 2851 1731 2892 dicen

1701 2920 1758 2953 tes

2263 225 2311 253 11

1848 335 2027 374 miserere
2048 337 2167 376 nostri

1848 397 1901 435 fili
1921 397 2036 436 dauid
2052 416 2060 424 ·
2103 400 2131 421 ²⁸
2140 399 2242 438 Cum

1846 460 2017 498 uenisset
2036 468 2165 499 autem

1847 521 2069 574 in·domum
2089 536 2182 562 acce

1846 590 1976 623 serunt
1991 585 2041 623 ad
2060 598 2149 624 eum

1846 647 1951 686 ceci·
1991 654 2029 686 et
2049 648 2145 687 dixit
2163 648 2235 687 illis

1844 709 1924 748 ihs·
1969 710 2120 749 creditis
2139 711 2238 761 quod

1843 771 1920 810 hoc
1940 784 2099 822 possum
2118 773 2203 812 face

1844 846 1884 872 re
1937 834 2069 873 dicunt
2087 835 2121 873 ei
2139 836 2193 874 uti

1844 908 1918 946 que
1938 897 2035 935 dne·
2077 897 2232 938 ²⁹Tunc

1841 959 1963 1009 tetigit
1981 959 2115 999 oculos
2134 973 2182 1000 eo

1841 1034 1927 1060 rum
1947 1022 2080 1061 dicens
2132 1036 2174 1062 se

1841 1084 2012 1123 cundum
2031 1085 2149 1124 fidem

1840 1154 2006 1186 uestram
2026 1148 2091 1187 fiat
2109 1147 2220 1188 uobis
2232 1160 2258 1179 ··

1839 1210 1869 1231 ³⁰
1877 1210 1927 1248 Et
1946 1211 2065 1260 aperti
2084 1218 2172 1250 sunt
2190 1224 2266 1251 ocu

1839 1272 1865 1310 li
1885 1285 2041 1311 eorum·
2087 1273 2138 1312 Et
2157 1287 2249 1313 com

1839 1335 2059 1374 minatusest
2077 1336 2150 1374 illis
2168 1337 2228 1374 ihs

1836 1398 1969 1436 dicens
2018 1398 2145 1437 uidete

1837 1472 1953 1498 nemo
1973 1460 2067 1498 sciat
2083 1482 2090 1489 ·
2107 1482 2113 1491 ·
2156 1460 2244 1499 81illi

1836 1529 1964 1561 autem
1983 1530 2166 1562 exeuntes

1835 1673 2131 1712 diffamauerunt
2150 1677 2199 1713 efi

1836 1736 1877 1774 in
1896 1743 1976 1775 tota
1994 1742 2093 1775 terra
2112 1737 2176 1775 illa
2190 1753 2199 1762 ·

1834 1797 1863 1819 ⁸²
1870 1798 2046 1849 Egressis
2061 1805 2188 1837 autem
2203 1799 2276 1839 illis
2290 1816 2299 1827 ·

1833 1859 1940 1900 Ecce
1958 1861 2179 1911 optulerunt
2198 1863 2233 1901 ei

1833 1922 2031 1962 hominem
2045 1941 2053 1950 ·
2095 1931 2274 1963 mutuu‘*·

1832 1992 1870 2024 et
1891 1986 2048 2024 surdum
2068 1986 2210 2025 daemo

1832 2060 1924 2086 nem
1943 2048 2151 2087 habentem
2163 2070 2172 2080 ·

1831 2110 1860 2131 ⁸³
1868 2110 1917 2148 Et
1935 2111 2057 2150 eiecto
2077 2111 2268 2151 daemone

1833 2173 1983 2212 locutus
2002 2180 2059 2211 est
2077 2181 2204 2213 mutus
2220 2191 2229 2200 ·

1835 2242 1873 2274 et
1892 2236 2051 2274 miratae
2073 2244 2162 2276 sunt
2180 2244 2240 2276 tur

1833 2299 1907 2337 bae
1926 2298 2096 2338 dicentes
2109 2317 2117 2325 ·

1835 2373 2050 2411 numquam
2070 2362 2124 2401 sic
2144 2375 2196 2413 pa

1835 2424 1909 2462 ruit
1928 2424 1967 2461 in
1988 2424 2057 2462 isi·
2098 2424 2127 2445 ³4
2136 2424 2219 2463 Pha

1833 2487 1920 2525 risei
1936 2493 2062 2525 autem
2083 2486 2264 2526 dicebant
2277 2509 2286 2518 ·

1832 2549 1873 2587 in
1893 2549 2066 2599 principe
2087 2549 2203 2588 demo

1833 2612 1985 2650 niorum
2030 2612 2118 2650 eicit
2137 2612 2199 2651 hic

1831 2673 2043 2712 daemones
2059 2691 2066 2700 ·
2086 2692 2094 2700 ·
2112 2691 2120 2701 ·
2137 2691 2192 2706 m

1810 2735 1918 2774 *³¹⁵Et
1936 2737 2120 2775 circuibat
2139 2737 2199 2776 ihs

1805 2795 1997 2838 *ciuitates
2016 2811 2154 2838 omnes
2170 2821 2178 2829 -

1833 2867 1870 2900 et
1890 2861 2047 2901 castella
2066 2862 2214 2900 docens

2043 2969 2115 2997 C2

2343 345 2428 378 1¹01.
2444 345 2502 379 21.
