2872 3268
563 216 622 269 48
1429 214 1679 256 SECUND
1691 237 1700 246 ·
2369 224 2427 267 [V.
2446 233 2572 271 19-47;

2101 329 2206 368 misit
2223 329 2286 370 ille
2304 330 2395 371 huic
2413 344 2488 372 uos

2102 404 2184 430 non
2202 393 2356 432 creditis
2369 415 2378 425 ·

2100 453 2129 476 ⁸⁹
2143 454 2373 495 Scrutamini
2393 457 2495 508 scrip

1602 329 1652 367 de
1670 341 1733 367 me
1753 329 1840 379 ipso
1859 330 1946 369 testi

1600 391 1779 430 monium
1797 404 1929 430 meum
1948 404 2030 431 non

1599 459 1657 492 est
1675 466 1812 492 uerum
1828 475 1837 484 ·
1878 453 1907 476 ⁸²
1918 455 2030 494 Alius

565 333 695 372 Amen
714 332 803 372 dico
821 332 935 371 uobis
948 352 957 363 ·
1034 329 1054 351 *
1066 327 1095 351 ²⁵
1107 328 1237 368 Amen
1260 340 1375 367 amen
1394 327 1483 368 dico

564 407 645 435 non
664 395 792 446 potest
810 395 909 434 filius
928 394 1021 445 quiq
1034 395 1052 417 *
1066 392 1178 431 uobis
1224 391 1315 442 quia
1333 403 1383 430 ue

563 470 682 508 quam
702 457 828 496 facere
847 459 897 495 ab
917 469 958 495 se
1034 451 1052 472 *
1068 456 1146 494 niet
1165 454 1261 492 hora
1277 475 1285 484 ·
1307 460 1346 492 et
1364 465 1470 493 nunc

357 342 438 374 1'01.
454 341 535 374 215.
2604 345 2686 379 1¹01.
2701 346 2784 379 210.

562 520 637 558 nisi
655 520 792 558 uiderit
810 523 920 571 patre

563 581 770 621 facientem
783 602 791 612 ·
831 593 931 632 quae

562 644 667 682 enim
686 644 767 694 ipse
786 643 876 682 facit
894 642 989 682 eade

562 713 601 744 et
621 706 720 744 filius
740 706 910 744 similiter
929 705 967 744 fa

562 769 614 807 cit
629 789 638 798 ·
680 767 710 789 ²⁰
721 774 829 818 pater
847 769 952 806 enim
971 768 1011 806 di

559 830 643 880 ligit
661 830 781 868 filium
799 836 838 868 et
856 828 989 870 omnia

560 893 596 931 ei
615 892 782 931 ostendit
801 905 900 943 quae
919 893 1003 944 ipse

559 955 652 994 facit
670 976 679 985 ·
717 955 769 994 Et
787 956 935 994 maiora
953 956 1014 995 his

560 1017 737 1056 ostendet
755 1018 790 1055 ei
809 1024 918 1068 pater

559 1087 601 1118 ut
618 1091 692 1118 uos
711 1079 978 1118 admiremini·

557 1140 802 1189 ²1Quom0d0
809 1143 912 1181 enim
919 1149 1027 1194 pater

558 1206 715 1244 suscitat
729 1211 903 1244 mortuos
1026 1194 1035 1207 ²

557 1274 595 1306 et
614 1267 784 1306 uiuificat
800 1288 809 1298 ·
851 1268 911 1307 Ita
930 1275 969 1308 et

556 1330 656 1368 filius
675 1341 774 1381 quos
793 1331 875 1368 uult
892 1332 933 1369 ui

555 1393 706 1431 nificat·
749 1391 779 1412 ²²
790 1393 885 1431 Non
905 1394 1010 1433 enim

555 1462 666 1506 pater
684 1455 828 1494 iudicat
847 1468 964 1506 quem

556 1530 675 1569 quam
689 1538 698 1549 ·
740 1518 819 1557 Sed
836 1519 980 1558 iudicii-1

557 1618 675 1645 omne
694 1606 800 1645 dedit
819 1606 897 1645 filio
914 1628 921 1637 ·

554 1668 584 1691 ²³
595 1676 637 1707 ut
656 1681 793 1707 omnes
813 1668 979 1708 honorifi

557 1737 648 1770 cent
667 1731 787 1769 filium
801 1752 810 1761 ·
849 1730 957 1770 Sicut

556 1793 789 1832 honorificat
807 1797 915 1844 patre
936 1785 938 1788 ¹

557 1855 639 1903 Qui
651 1855 884 1894 honorificat
897 1856 1020 1895 filiu--

555 1918 785 1957 honorificat
803 1925 955 1969 patrem

556 1982 623 2030 qui
641 1993 730 2019 eum
746 1982 848 2020 misit
863 2001 871 2011 ·

554 2041 713 2081 24Amen
732 2056 847 2082 amen
866 2044 956 2083 dico

555 2106 668 2144 uobis
685 2126 694 2135 -
709 2127 717 2135 ·
762 2106 853 2156 quia
873 2108 940 2157 qui

553 2169 716 2206 uerbum
735 2181 867 2207 meum

554 2231 663 2269 audit
676 2252 685 2260 ·
725 2230 777 2269 Et
797 2231 929 2270 credet

554 2293 591 2330 ei
610 2294 677 2343 qui
697 2305 759 2331 me
777 2294 881 2332 misit
902 2315 910 2324 ·

555 2355 671 2394 habet
688 2357 808 2395 uitam
827 2369 874 2396 ae

555 2423 705 2457 ternam
721 2439 729 2448 ·
768 2418 820 2456 Et
839 2419 880 2456 in

555 2480 697 2519 iudicio
717 2493 799 2519 non
817 2493 867 2520 ue

557 2543 636 2581 niet
691 2543 760 2582 sed
778 2550 884 2583 trans

558 2605 645 2643 sibit
664 2617 686 2643 a
705 2613 829 2644 morte

586 2687 594 2696 ·
613 2688 620 2696 ·
655 2668 693 2705 in
713 2668 832 2706 uitam
850 2684 901 2701 ω

719 2748 880 2763 .....

1030 515 1049 537 *

1063 523 1121 556 est
1137 537 1146 547 ·
1187 516 1346 567 quando

1028 578 1047 601 *
1061 579 1201 618 mortui
1219 577 1375 617 audient

1059 653 1200 680 uocem
1221 641 1274 679 fili
1293 641 1334 679 di
1348 661 1357 671 ·
1399 647 1437 680 et

1060 704 1126 754 qui
1146 703 1333 742 audierint

1059 766 1191 804 uiuent
1203 786 1212 796 ·
1255 764 1284 787 ²⁶
1297 766 1406 805 Sicut

1060 828 1165 866 enim
1184 834 1293 878 pater
1311 829 1427 868 habet

1059 891 1179 929 uitam
1195 910 1205 920 ·
1240 890 1304 929 Sic
1325 891 1430 930 dedit

1058 958 1096 990 et
1116 952 1196 992 filio
1214 953 1336 991 uitam
1355 954 1394 992 in

1060 1027 1101 1053 se
1122 1015 1262 1055 habere
1276 1036 1286 1046 ·
1325 1013 1355 1038 ²7
1367 1016 1417 1055 Et
1436 1029 1490 1068 po

1058 1083 1234 1116 testatem
1254 1078 1358 1117 dedit

1059 1140 1111 1178 illi
1131 1146 1168 1178 et
1187 1140 1372 1180 iudicium
1392 1141 1429 1181 fa

1059 1203 1187 1242 ciendi
1202 1224 1212 1233 ·
1254 1204 1345 1253 quia
1363 1204 1417 1242 fili

1057 1278 1104 1304 us
1123 1272 1182 1304 est
1201 1266 1371 1305 hominis
1387 1288 1396 1298 ·

1057 1325 1087 1349 ²⁸
1099 1328 1217 1367 nolite
1236 1329 1366 1368 mirari
1384 1329 1460 1369 hoc
1475 1351 1484 1361 ·

1059 1389 1164 1438 Quia
1181 1391 1311 1430 ueniet
1329 1391 1426 1431 hora
1441 1413 1450 1423 ·

1057 1453 1099 1491 in
1118 1465 1196 1504 qua
1214 1455 1343 1493 omnis
1361 1455 1429 1505 qui

1059 1604 1200 1643 fuerint
1217 1606 1258 1643 in
1278 1617 1399 1644 monu

1059 1674 1193 1706 mento
1213 1669 1369 1706 audient
1390 1680 1443 1707 uo

1059 1742 1145 1769 cem
1164 1731 1263 1769 illius
1302 1729 1331 1752 ²⁹
1342 1737 1379 1769 et
1398 1731 1511 1782 prodi

1059 1798 1125 1831 ent
1140 1813 1150 1822 ·
1191 1799 1229 1831 et
1248 1793 1315 1844 qui
1333 1794 1439 1832 bona

1057 1861 1259 1905 gesserunt
1278 1857 1318 1894 in
1338 1868 1447 1894 resur

1056 1918 1268 1956 rectionem
1286 1919 1387 1957 uitae
1404 1939 1413 1949 ·

1057 1980 1124 2030 qui
1143 1987 1274 2018 autern
1293 1981 1396 2019 mala
1415 1981 1456 2019 in

1056 2044 1380 2082 resurrectionem

1056 2106 1187 2144 iudicii
1203 2127 1212 2136 ·
1243 2106 1273 2128 ³⁰
1285 2106 1379 2145 Non
1391 2111 1513 2157 possfi

1057 2180 1133 2218 ego
1152 2180 1176 2206 a
1194 2181 1257 2206 me
1277 2169 1363 2219 ipso
1383 2169 1509 2208 facere

1032 2224 1034 2227 ’
1056 2230 1268 2280 quicquam
1282 2251 1290 2260 ·
1337 2231 1415 2270 Sed
1434 2232 1466 2270 si

1057 2299 1122 2331 cut
1140 2292 1257 2331 audio
1277 2293 1407 2332 iudico
1421 2314 1430 2324 ·

1055 2354 1107 2392 Et
1125 2354 1310 2393 iudicium
1336 2367 1469 2394 meum

1056 2417 1200 2456 iustum
1219 2424 1278 2456 est
1291 2438 1301 2448 ·
1349 2418 1441 2469 quia

1057 2491 1139 2518 non
1159 2492 1281 2531 quero
1302 2480 1422 2518 uolun

1054 2548 1173 2581 tatem
1191 2550 1320 2581 meam
1335 2563 1344 2573 ·
1390 2542 1468 2581 Sed

1053 2605 1293 2644 uoluntatem
1312 2605 1394 2643 eius

1055 2668 1121 2718 qui
1134 2680 1197 2706 me
1209 2668 1310 2706 misit
1320 2688 1328 2697 ·
1344 2666 1415 2706 8¹Si
1427 2678 1502 2718 ego

1053 2731 1317 2770 testimonium
1336 2730 1425 2769 dico

1596 522 1655 554 est
1674 517 1740 567 qui
1760 517 1956 556 testimoni

1595 587 1663 615 um
1682 578 1775 617 dicit
1793 579 1841 618 de
1861 576 1923 618 m'e
1940 600 1950 611 ·
1987 578 2039 620 Et

1596 640 1700 680 scitis
1719 642 1810 692 quia
1829 654 1967 681 uerum

1594 709 1653 741 est
1670 705 1935 745 testimonium

1594 766 1703 815 quod
1721 767 1944 806 testificatur

1595 827 1645 866 de
1663 840 1726 867 me
1743 850 1752 860 ·
1795 829 1824 851 ³⁸
1838 829 1923 869 Uos
1942 831 1996 870 mi

1594 890 1693 930 sistis
1712 892 1763 931 ad
1782 892 1993 933 iohannem

1593 959 1632 992 et
1650 954 1915 994 testimonium

1594 1016 1760 1054 reddidit
1777 1018 1928 1056 ueritati
1941 1039 1950 1049 ·

1593 1077 1711 1128 ³⁴Ego
1720 1085 1846 1118 autem
1854 1091 1936 1118 non
1949 1079 1998 1120 ab
2007 1080 2059 1120 ho

1593 1140 1696 1179 mine
1715 1141 1938 1180 testimonii]

1593 1203 1746 1253 accipio
1763 1224 1772 1234 ·
1817 1203 1895 1243 Sed
1913 1204 1986 1244 hec

1593 1265 1682 1303 dieo
1701 1272 1743 1304 ut
1761 1278 1834 1304 uos
1854 1267 1960 1306 salue

1592 1328 1709 1366 mini·
1752 1328 1857 1368 ³⁶111e
1876 1329 1945 1368 fuit
1965 1330 2005 1368 lu

1593 1403 1710 1430 cerna
1728 1391 1867 1430 ardens
1887 1398 1924 1431 et
1944 1393 1983 1430 lu

1592 1465 1686 1493 cens
1702 1475 1711 1484 ·
1754 1454 1838 1493 Uos
1857 1461 1987 1494 autem

1593 1516 1767 1556 uoluistis
1786 1518 1957 1556 exultare

1593 1604 1644 1642 ad
1663 1603 1802 1642 horam
1821 1604 1861 1643 in
1881 1605 2028 1644 lumine

1592 1666 1674 1704 eius
1689 1687 1698 1696 ·
1738 1666 1848 1717 3‘³eg0
1863 1673 1993 1705 autem
2008 1667 2060 1707 ha

1594 1729 1669 1767 beo
1688 1729 1951 1767 testimonium

1592 1792 1718 1829 maius
1737 1791 1909 1831 iohanne
1926 1812 1935 1822 ·
1964 1805 2042 1843 ope

1592 1866 1635 1892 ra
1654 1854 1758 1892 enim
1778 1866 1878 1904 quae
1898 1855 2003 1894 dedit

1592 1916 1688 1954 mihi
1707 1922 1816 1966 pater
1834 1923 1876 1955 ut
1894 1929 1964 1967 per

1592 1978 1722 2017 ficiam
1741 1979 1804 2018 illa
1849 1974 1934 2029 ipsa
1952 1991 1978 2018 o

1591 2053 1685 2092 pera
1705 2053 1806 2091 quae
1825 2054 1901 2092 ego
1920 2041 2021 2082 facio

1590 2103 1840 2142 testificantur
1860 2104 1908 2143 de
1927 2117 1991 2143 me
2006 2125 2016 2135 ·

1591 2170 1686 2216 qum
1705 2173 1813 2217 pater
1831 2179 1895 2204 me
1915 2167 2019 2205 misit
2033 2185 2042 2194 ·

1589 2228 1619 2250 ⁸⁷
1626 2235 1663 2267 et
1675 2229 1741 2279 qui
1760 2229 1862 2267 misit
1875 2241 1937 2268 me
1949 2235 2058 2280 pater

1590 2292 1671 2342 ipse
1690 2292 1911 2330 testificatur

1591 2354 1638 2393 de
1657 2366 1721 2392 me
1738 2375 1747 2384 ·
1787 2354 1952 2405 Nequae
1971 2358 2024 2393 uo

1590 2429 1731 2456 uocem
1750 2417 1831 2456 eius
1850 2424 2030 2468 umqua-

1590 2476 1750 2519 audistis
1764 2500 1773 2510 ·
1817 2479 1955 2530 Neque

1589 2543 1754 2592 figuram
1774 2542 1855 2580 eius
1873 2543 1913 2580 ui

1590 2606 1698 2644 distis
1715 2626 1724 2635 ·
1765 2604 1793 2626 ⁸⁸
1806 2611 1844 2643 et
1862 2604 2017 2644 uerbu-

1589 2668 1672 2706 eius
1692 2680 1774 2706 non
1793 2667 1943 2706 habetis

1588 2737 1814 2769 manentem
1836 2730 1876 2768 in
1895 2743 1948 2769 uo

1589 2795 1648 2834 bis
1663 2815 1670 2824 -
1714 2794 1804 2846 quia
1822 2805 1940 2845 quem

2098 522 2202 556 turas
2220 518 2261 556 in
2281 519 2422 570 quibus
2440 532 2495 570 pu

2097 580 2184 618 tatis
2202 592 2275 619 uos
2293 581 2414 620 uitam
2435 594 2481 622 ae

2095 646 2246 682 ternam
2264 644 2405 683 habere
2418 665 2428 675 ·

2097 703 2210 744 Haec
2229 711 2319 744 sunt
2337 718 2438 757 quae
2456 707 2546 746 testi

2095 766 2258 818 ficantur
2275 768 2325 807 de
2343 781 2406 808 me
2422 789 2432 799 ·

2094 828 2125 850 ‘⁰
2136 835 2173 868 et
2193 842 2275 868 non
2293 831 2408 870 uultis
2427 832 2563 872 uenire

2095 891 2145 930 ad
2164 904 2227 931 me
2245 899 2287 931 ut
2305 894 2425 932 uitam
2444 893 2544 934 habe

2094 954 2165 993 atis
2178 975 2187 985 ·
2235 953 2264 976 ⁴¹
2278 954 2453 995 Gloriam

2094 1018 2145 1055 ab
2164 1017 2388 1056 hominibus
2406 1030 2489 1057 non

2094 1079 2245 1130 accipio
2261 1100 2271 1110 ·
2313 1078 2343 1100 ⁴²
2356 1080 2542 1131 Cognoui

2093 1141 2198 1180 enim
2217 1154 2290 1181 uos
2309 1143 2401 1193 quia
2418 1155 2501 1182 non

2093 1203 2242 1243 habetis
2258 1205 2464 1244 dilectione

2093 1266 2133 1305 di
2152 1267 2192 1304 in
2209 1267 2323 1306 uobis
2335 1288 2345 1298 ·
2385 1267 2414 1289 ⁴³
2425 1267 2515 1319 Ego

2093 1329 2198 1368 enim
2216 1330 2307 1368 ueni
2326 1325 2366 1368 in
2385 1332 2495 1369 nomi

2093 1404 2143 1430 ne
2162 1392 2282 1442 patris
2301 1392 2378 1431 mei
2397 1383 2434 1432 et
2453 1405 2534 1433 non

2092 1455 2288 1504 recepistis
2308 1467 2372 1494 me
2387 1476 2397 1486 ·
2415 1476 2424 1486 ·

2095 1516 2136 1555 Si
2156 1517 2251 1556 alius
2270 1518 2420 1557 uenerit
2439 1516 2480 1556 in

2093 1605 2251 1644 nomine
2271 1618 2343 1644 suo
2361 1605 2470 1644 illum

2094 1669 2313 1718 accipietis·
2332 1689 2341 1698 ·
2368 1668 2398 1689 ⁴⁴
2411 1668 2505 1717 Quo

2093 1731 2214 1769 modo
2233 1731 2395 1781 potestis
2413 1742 2486 1770 uos

2092 1793 2249 1832 credere
2264 1814 2273 1824 ·
2318 1793 2485 1833 Gloria-

2092 1856 2142 1893 ab
2161 1855 2328 1894 inuicem
2347 1856 2473 1907 accipi

2092 1923 2200 1956 entes
2217 1938 2226 1948 ·
2269 1917 2320 1955 Et
2339 1918 2504 1968 gloriam

2092 1981 2142 2019 ab
2162 1992 2210 2019 eo
2231 1981 2296 2031 qui
2315 1981 2420 2019 solus
2440 1980 2486 2020 ds

2092 2049 2151 2082 est
2170 2055 2251 2081 non
2270 2044 2426 2093 queritis
2439 2064 2448 2074 ·

2091 2105 2121 2126 ⁴⁵
2134 2104 2263 2143 Nolite
2282 2112 2418 2156 putare
2432 2106 2524 2156 quia

2092 2179 2168 2217 ego
2188 2170 2383 2206 accusabo
2402 2180 2476 2207 uos

2091 2230 2196 2280 apud
2214 2237 2365 2280 patrem
2381 2251 2390 2261 ·
2419 2231 2491 2270 Est

2091 2293 2157 2342 qui
2176 2305 2250 2331 uos
2269 2300 2425 2332 accuset

2091 2353 2252 2405 Moyses
2272 2355 2313 2392 in
2332 2367 2450 2405 quem
2468 2367 2544 2394 uos

2091 2418 2276 2468 speratis·
2317 2418 2346 2439 ⁴⁶
2359 2417 2399 2456 Si
2417 2418 2513 2456 eni*

2091 2480 2344 2519 credidissetis
2362 2481 2488 2531 moysi
2504 2501 2514 2511 ·

2091 2549 2130 2581 et
2147 2543 2241 2580 mihi
2260 2542 2466 2582 crederetis
2479 2563 2488 2573 ·

2091 2604 2152 2643 De
2168 2617 2232 2644 me
2252 2606 2358 2644 enim
2377 2605 2438 2644 ille
2457 2606 2559 2656 scrip

2091 2668 2139 2707 sit
2155 2688 2164 2698 ·
2204 2668 2234 2689 ⁴⁷
2246 2660 2428 2707 siautem
2447 2668 2547 2707 illius

2091 2730 2287 2780 scripturis
2307 2742 2388 2768 non
2408 2742 2472 2769 cre

2091 2793 2180 2833 ditis
2235 2793 2436 2845 quomodo
