2872 3268
582 263 762 306 xxxviii

1252 265 1745 307 INTRODUCTION.

587 378 622 418 S
621 379 750 417 elected
765 379 944 430 readings
957 379 1038 417 and
1045 379 1266 430 renderz'ngs
1285 381 1326 418 in
1339 381 1464 420 which
1531 379 1691 419 Selected
1705 380 1885 431 readings
1898 380 1979 419 and
1986 380 2205 431 renderings
2221 381 2261 419 in
2274 380 2399 420 which

747 443 768 483 f
782 457 808 495 q
828 446 941 496 dgffer
943 445 1060 496 from
1080 446 1167 483 each
1187 446 1300 484 other.

581 510 686 562 John
705 510 753 548 iii,

640 589 674 623 4.
704 576 836 615 denuo
857 575 1018 615 introire
1037 577 1058 615 b
1078 591 1095 615 e
1113 590 1147 627 q.

799 642 940 681 iterum
958 642 1116 682 introire
1145 656 1170 681 a
1168 643 1213 694 f
1217 641 1323 695 (Am.
1348 644 1459 683 itera-

908 713 951 746 to
972 706 1159 760 introire).

641 784 678 821 5.
708 778 866 812 renatus
884 786 909 812 a
928 773 950 813 b
968 786 988 812 e
1006 786 1029 824 q
1049 774 1139 813 Am.

813 845 930 878 natus
932 839 979 891 s.

758 904 898 955 poterit
916 918 950 955 q.

799 976 931 1020 potest
949 984 974 1010 a
993 971 1015 1010 b
1034 984 1051 1010 e
1069 984 1093 1021 q
1113 970 1201 1010 Am.

642 1573 674 1614 7.
709 1565 862 1604 renasci
885 1579 910 1603 a
930 1565 951 1604 b
970 1578 987 1603 e
1004 1579 1037 1615 q.

802 1631 960 1683 nascif
969 1631 1057 1669 Am.

641 1698 676 1734 8.
706 1697 834 1736 nescis
853 1710 876 1735 a
895 1698 916 1736 b
935 1710 970 1747 q.

802 1775 886 1802 non
898 1763 975 1802 seis
993 1777 1011 1801 e
1013 1763 1059 1814 f
1067 1762 1157 1800 Am.

616 1904 674 1930 10.
705 1892 843 1931 doctor
861 1906 886 1931 a
904 1906 938 1942 q.

803 1959 988 2009 magister
1007 1958 1028 1997 b
1046 1959 1113 2008 ef
1122 1958 1209 1996 Am.

618 2037 634 2062 1
646 2037 677 2064 1.
707 2024 891 2063 nouimus
910 2037 944 2074 q.

801 2089 948 2128 scimus
968 2103 992 2128 a
1012 2089 1033 2128 b
1056 2089 1218 2138 efAm.

622 2243 681 2283 15.
711 2246 794 2273 non
815 2240 948 2284 pereat
967 2234 988 2272 b
1008 2247 1026 2271 e
1044 2247 1066 2284 q
1086 2233 1174 2271 Am.

805 2312 874 2338 om.
898 2312 981 2339 non
1001 2306 1133 2350 pereat
1151 2300 1225 2348 af.

621 2492 681 2528 18.
712 2501 795 2529 non
816 2489 1045 2528 iudicabitur
1063 2488 1084 2527 b
1103 2488 1132 2526 d
1145 2501 1179 2539 q.

806 2567 887 2594 non
911 2554 1099 2593 iudicatur
1116 2566 1141 2592 a
1159 2553 1225 2605 es
1233 2552 1322 2593 Am.

1693 446 1713 484 f
1748 459 1775 497 q
1811 458 1879 484 are
1920 446 2059 496 agreed
2101 448 2257 498 against
2299 447 2401 487 other

1692 509 1896 559 European
1915 514 2027 548 texts.

1584 1059 1618 1095 6.
1649 1070 1739 1098 caro
1763 1065 1821 1097 est
1843 1059 2030 1110 quoniam
2052 1059 2100 1098 de
2127 1072 2244 1100 carne
2266 1066 2401 1099 natum

1798 1130 1856 1164 est
1873 1138 1898 1163 a
1917 1125 1938 1164 b
1957 1138 1975 1163 e
1988 1137 2021 1175 q.

1803 1203 1897 1229 caro
1917 1198 1974 1229 est
1991 1188 2074 1244 (om.
2095 1204 2131 1242 q.
2152 1191 2200 1230 de
2221 1203 2254 1231 c.
2276 1204 2313 1230 n.
2328 1190 2403 1244 est)

1834 1257 1881 1305 f
1889 1256 1977 1295 Am.

1695 1321 1850 1372 spiritus
1871 1329 1930 1361 est
1946 1322 2037 1374 quia
2058 1323 2154 1363 deus
2174 1323 2327 1374 spiritus
2346 1329 2403 1363 est

1856 1401 1881 1425 a
1903 1401 1931 1426 e.

1747 1453 1902 1503 spiritus
1921 1460 1980 1492 est
1999 1451 2083 1507 (om.
2105 1467 2141 1505 q.
2163 1455 2199 1494 d.
2219 1466 2276 1506 sp.
2296 1454 2370 1508 est)
2382 1456 2403 1494 b

1837 1519 1915 1569 fq
1934 1519 2024 1560 Am.

1587 1718 1622 1754 8.
1651 1722 1765 1755 natus
1785 1723 1842 1755 est
1861 1728 1910 1754 ex
1940 1717 2124 1768 spiritus
2132 1731 2156 1768 q
2175 1716 2262 1756 Am.

1747 1794 1784 1820 n.
1813 1788 1871 1820 est
1908 1794 1958 1822 ex
1996 1795 2099 1834 aqua
2136 1789 2175 1823 et
2212 1784 2346 1835 spiritu
2378 1797 2404 1822 a

1800 1846 2046 1900 (renascitur)
2064 1849 2086 1888 b
2105 1863 2133 1889 e.

1561 2049 1577 2075 1
1589 2050 1620 2076 1.
1649 2037 1900 2077 testificamur
1901 2039 1948 2089 f
1956 2053 1989 2090 q.

1753 2110 1938 2144 testamur
1955 2119 1980 2144 a
1999 2107 2020 2145 b
2038 2106 2127 2145 Am.

1747 2172 2012 2211 testimonium
2032 2171 2196 2212 dicimus
2214 2186 2240 2211 e.

1563 2373 1621 2409 16⁴
1650 2371 1970 2422 unigenituqu
1988 2371 2077 2410 Am.

1749 2437 1909 2475 unicum
1928 2450 1953 2475 a
1971 2437 1993 2476 b
2011 2438 2040 2475 d
2053 2451 2080 2476 e.

1563 2633 1622 2670 19.
1652 2620 1692 2658 in
1711 2619 1815 2659 hunc
1829 2618 2022 2658 mundum
2023 2620 2070 2669 s
2077 2634 2111 2670 q.

1747 2686 1788 2724 in
1807 2684 1998 2724 mundum
2016 2686 2046 2723 d
2059 2685 2147 2724 Am.

1747 2751 1788 2789 in
1807 2750 1882 2790 hoc
1900 2750 2049 2790 mundo
2068 2765 2092 2790 a
2112 2752 2142 2790 b.

1745 2817 1786 2855 in
1806 2816 2005 2857 saeculum
2023 2829 2050 2855 e.
