2872 3268
97 305 179 338 1⁸01.
192 305 272 339 178.
290 303 426 343 tulistis
440 325 448 334 ·

290 196 384 228 v111.
400 196 533 228 zo—IX.
551 193 601 236 8.]

505 311 544 343 at
562 304 613 343 illi

290 366 468 413 dixerunt
487 374 635 418 septem
651 388 660 397 ·

287 425 317 448 ²¹
330 435 368 467 et
388 430 440 467 ait
457 430 529 468 illis
579 441 727 479 quomo

287 491 339 530 do
360 503 441 530 non
460 491 649 530 intellexis

287 553 333 595 tis
348 575 356 584 ·
372 575 381 584 ·
396 575 405 584 ·
418 555 448 576 ²²
459 555 510 592 Et
527 561 717 593 uenerunt

287 616 327 654 in
346 615 568 655 bethaniam
606 623 644 654 et

285 678 462 717 adferunt
481 678 530 718 ad
549 678 614 717 illfi

284 753 422 779 cecum
441 747 478 780 et
493 753 588 792 roga

283 803 377 842 bant
395 815 486 842 eum
505 810 548 841 ut
565 807 614 842 εὖ

283 871 458 915 tangeret
473 885 482 895 ·
511 864 540 886 2³
554 866 605 903 Et
625 866 674 904 ad

282 927 485 980 prehendit
503 933 622 967 mansi

283 991 367 1029 eius
413 997 452 1030 et
470 991 557 1029 eicit
576 990 640 1028 inu

284 1059 392 1092 extra
411 1053 610 1092 castellum
627 1073 635 1084 ·

283 1115 335 1155 Et
353 1127 445 1155 cum
464 1115 660 1166 expuisset

284 1178 325 1218 in
343 1178 479 1218 oculos
498 1179 581 1217 eius
601 1179 641 1216 in

284 1253 438 1292 ponens
458 1241 510 1279 illi
529 1245 649 1280 mam-1
662 1262 671 1272 ·

283 1304 543 1353 interrogabat
562 1307 611 1342 eu
627 1324 636 1335 ·

283 1379 334 1405 an
354 1366 498 1417 aliquid
516 1366 606 1405 uide

283 1436 341 1468 ret
356 1450 365 1459 ·
413 1430 442 1451 ²⁴
453 1435 492 1467 et
511 1429 701 1481 aspiciens

284 1492 335 1531 ait
354 1491 470 1530 uideo
490 1491 598 1530 homi

283 1566 354 1593 nes
373 1561 415 1593 ut
434 1555 590 1594 arbores

285 1642 529 1681 ambulantes
543 1663 552 1672 ·
609 1640 638 1663 ²⁶
650 1649 688 1680 et

284 1705 423 1744 iterum
441 1705 612 1756 inposuit

286 1779 448 1806 manum
474 1779 591 1818 super

283 1829 420 1870 oculos
439 1829 522 1868 eius
568 1836 605 1868 et
624 1828 660 1868 fe

286 1887 337 1931 cit
354 1892 462 1930 illum
480 1891 610 1930 uidere
627 1912 636 1922 ·
654 1913 662 1923 ·

283 1954 335 1993 Et
353 1955 545 1993 restitutus
564 1961 622 1993 est

284 2017 337 2056 ita
356 2024 399 2056 ut
417 2018 565 2056 uideret
584 2017 644 2056 cla

284 2093 325 2119 re
345 2081 479 2119 omnia
492 2101 501 2110 ·
557 2078 585 2101 ²⁶
596 2080 647 2118 Et
665 2079 720 2118 mi

283 2143 332 2181 sit
351 2143 459 2181 illum
477 2143 518 2181 in
538 2142 660 2181 domu

281 2217 395 2245 suam
413 2206 546 2245 dicens
563 2226 572 2236 ·
628 2217 680 2245 ua

284 2267 331 2307 de
351 2268 391 2307 in
412 2269 574 2308 domum
593 2274 694 2306 tua*
713 2289 722 2298 -

282 2337 320 2370 et
340 2331 485 2370 nemini
504 2331 544 2370 in
565 2343 631 2370 cas

282 2393 372 2432 tello
392 2391 531 2432 dixeris
544 2414 553 2424 ·
569 2411 624 2426 m

241 2457 264 2482 *
284 2454 525 2495 ²⁷Profectus
544 2463 602 2495 est
621 2462 743 2496 aute-

242 2519 264 2544 *
283 2519 343 2557 ihs
362 2525 400 2557 et
420 2519 598 2569 discipuli

242 2582 264 2606 *
285 2582 368 2620 eius
425 2594 644 2620 caesaream

243 2644 266 2669 *
284 2643 405 2694 filippi
421 2664 430 2674 ·
478 2643 530 2682 Et
549 2644 589 2683 in
607 2645 672 2684 uia

283 2707 544 2756 interrogabat
563 2707 622 2747 dis

1176 189 1376 232 MAR&
1396 209 1404 218 ·

791 305 819 328 ²⁸
833 305 1134 356 Responderunt
1153 306 1187 346 ei

790 368 959 406 dicentes
974 389 982 398 ·
1039 368 1207 407 iohanne

789 431 994 480 baptistam
1007 451 1016 461 ·
1057 431 1119 470 alii
1138 443 1188 469 au

789 499 868 530 tem
887 492 1026 531 heliam
1043 514 1052 523 ·
1109 493 1172 531 alii

788 567 882 593 uero
901 555 1011 605 quasi
1031 567 1154 594 unum

787 616 835 655 de
854 617 1012 668 profetis
1028 638 1036 647 ·
1054 639 1063 648 ·
1093 619 1122 641 ²⁹
1133 618 1185 656 Et

786 679 868 729 ipse
887 680 1136 731 interrogauit

785 753 853 780 eos
868 763 877 772 ·
937 741 1021 781 Uos
1041 749 1171 782 autem

784 816 902 854 quem
922 817 984 843 me
1004 805 1128 845 dicitis
1147 818 1188 844 es

786 879 826 905 se
841 888 849 897 ·
894 867 945 905 Et
964 880 1107 918 respon

784 930 880 968 dens
898 936 1030 980 petrus
1050 931 1100 971 ait
1119 932 1154 970 ei

786 999 826 1031 tu
846 1005 912 1031 es·
934 996 1030 1042 xps·
1049 1014 1056 1023 ·
1091 994 1170 1032 ⁸⁰et
1186 994 1239 1032 im

786 1055 934 1105 perauit
954 1056 1010 1094 eis
1028 1062 1070 1095 ut
1089 1069 1138 1096 ne

788 1118 883 1156 mini
902 1118 1047 1158 diceret
1066 1119 1115 1159 de

788 1192 830 1219 se
845 1201 853 1210 ·
894 1180 920 1201 ³¹
935 1181 986 1219 Et
1005 1183 1136 1233 coepit
1156 1183 1208 1223 do

788 1255 876 1283 cere
896 1255 965 1282 eos
978 1265 987 1274 ·
1045 1246 1136 1295 quia

789 1312 942 1356 oportet
961 1306 1081 1345 filium

789 1367 960 1408 hominis
979 1370 1101 1409 multa
1120 1383 1172 1421 pa

789 1431 816 1468 ti
833 1452 841 1461 ·
899 1437 937 1469 et
956 1433 1155 1483 reprobari

786 1505 810 1532 a
829 1493 1046 1533 senioribus
1058 1516 1068 1525 ·
1124 1502 1163 1534 et

787 1556 1027 1607 principibus
1047 1570 1156 1597 sacer

788 1643 924 1683 dotum
943 1651 981 1684 et
1001 1645 1138 1684 scribis
1154 1667 1163 1677 ·

787 1705 839 1744 Et
858 1707 986 1746 occidi
1006 1714 1044 1746 et
1062 1715 1152 1758 post
1163 1715 1241 1748 tres

788 1768 871 1808 dies
890 1782 1090 1820 resurgere

788 1830 817 1853 ⁸²
831 1831 883 1870 Et
902 1832 1032 1882 palam
1051 1833 1214 1872 uerbum

788 1893 1020 1944 loquebatur
1036 1916 1044 1925 -
1060 1916 1068 1926 ·

789 1956 922 2004 Quem
942 1958 1158 2008 suscipiens

788 2026 919 2070 petrus
939 2021 1069 2071 coepit
1089 2021 1142 2059 ob

786 2082 938 2133 iurgare
952 2103 961 2112 ·
1009 2082 1036 2104 ⁸³
1050 2089 1088 2122 at
1107 2083 1168 2122 ille

786 2156 998 2184 conuersus
1018 2152 1056 2184 et
1075 2146 1114 2185 ui

787 2207 884 2246 dens
904 2208 1115 2259 discipulos

785 2282 878 2309 suos
897 2271 1110 2321 increpauit

785 2339 937 2384 petrum
957 2333 1090 2373 dicens
1104 2355 1113 2364 ·

786 2396 888 2435 uade
907 2402 1008 2435 retro
1028 2409 1092 2435 me
1112 2409 1155 2436 sa

787 2464 899 2497 tanas
955 2459 1044 2509 quia
1064 2472 1146 2498 non
1166 2472 1209 2499 sa

787 2521 848 2571 pis
867 2533 943 2571 que
966 2522 1006 2560 di
1026 2528 1114 2561 sunt
1134 2523 1202 2561 sed

788 2595 887 2633 quae
906 2583 1110 2624 hominum
1126 2605 1135 2614 -
1148 2606 1204 2614 —-

787 2645 816 2667 ⁸⁴
827 2645 878 2683 Et
897 2652 1115 2685 conuocata
1128 2647 1240 2686 turba

787 2719 877 2746 cum
897 2708 1094 2758 discipulis
1114 2721 1160 2748 su

1334 307 1408 346 sibi
1453 314 1491 349 et
1510 307 1615 347 tollat
1636 321 1703 347 cru

1333 382 1420 408 cem
1440 382 1551 409 suam
1571 377 1609 409 et
1628 382 1749 421 sequa

1331 438 1390 470 tur
1408 444 1473 471 me
1489 453 1498 462 ·
1541 432 1571 454 ³⁵
1583 433 1648 483 qui
1668 433 1772 475 enim

1330 494 1495 532 uoluerit
1514 494 1687 533 animam

1331 568 1443 595 suam
1462 557 1609 595 saluam
1630 557 1714 596 face

1329 630 1369 656 re
1389 619 1524 668 perdet
1543 619 1647 657 illam
1664 640 1671 648 ·

1331 680 1410 727 Qui
1430 687 1559 720 autem
1578 682 1740 732 perdide

1329 743 1376 781 rit
1395 750 1552 794 propter
1569 756 1633 783 me

1330 811 1368 844 et
1386 812 1544 856 propter
1562 818 1663 845 euan

1329 868 1473 918 gelium
1491 868 1639 908 saluam
1659 869 1696 907 fa

1330 931 1404 968 ciet
1423 931 1526 969 illam
1543 952 1552 961 ·
1592 931 1620 952 ³⁶
1631 931 1724 982 quid

1330 999 1459 1031 autem
1479 994 1637 1043 prodest
1656 993 1709 1032 ho

1329 1055 1426 1093 mini
1446 1056 1476 1094 si
1495 1055 1661 1095 lucretur

1330 1130 1491 1156 omnem
1510 1118 1692 1158 mundu*
1705 1139 1714 1149 ·

1331 1185 1368 1218 et
1387 1179 1661 1219 detrimentum

1331 1243 1494 1293 patiatur
1513 1243 1642 1282 anime
1664 1255 1755 1282 suae
1769 1263 1778 1274 ·

1331 1304 1494 1352 ⁸⁷Quam
1507 1305 1612 1343 enim
1627 1305 1733 1343 dabit
1747 1305 1799 1344 ho

1331 1379 1398 1406 mo
1419 1368 1671 1406 commutatio

1332 1442 1422 1468 nem
1441 1442 1514 1480 pro
1534 1430 1665 1469 anima
1684 1442 1754 1469 sua

1331 1491 1360 1513 ⁸⁸
1374 1491 1454 1539 Qui
1469 1498 1598 1530 autem
1611 1491 1799 1531 confusus

1332 1555 1373 1592 in
1392 1566 1455 1593 me
1474 1554 1587 1593 fuerit
1628 1560 1666 1593 et
1685 1566 1755 1593 uer

1332 1642 1383 1682 ba
1402 1654 1490 1681 mea
1510 1642 1550 1680 in
1569 1654 1714 1692 genera

1334 1705 1440 1743 tione
1458 1704 1532 1743 hac
1553 1704 1724 1745 adultera

1333 1773 1371 1805 et
1389 1767 1602 1816 peccatrice

1332 1829 1384 1869 Et
1403 1829 1502 1867 filius
1521 1829 1692 1868 hominis

1333 1891 1546 1930 confundet
1565 1903 1655 1929 eum
1669 1911 1677 1922 ·

1334 1966 1424 1993 cum
1444 1954 1593 1992 uenerit
1612 1954 1652 1992 in
1671 1966 1737 1993 ma

1332 2016 1466 2055 iestate
1485 2017 1603 2067 patris
1623 2017 1681 2055 sui

1332 2090 1421 2117 cum
1440 2079 1559 2129 agelis
1579 2079 1654 2117 scis
1671 2099 1680 2109 ·

2220 202 2299 248 123

1832 308 1884 347 Et
1904 308 2008 348 ducit
2027 308 2112 348 illos
2131 309 2171 348 in

1832 377 2008 410 montem
2028 371 2185 411 excelsu

1832 445 2007 472 seorsum
2029 434 2132 472 solus

1830 495 1881 534 Et
1899 496 2191 547 transfiguratus

1830 564 1888 596 est
1907 570 2040 597 coram
2059 559 2153 609 ipsis

1829 621 1842 641 ⁸
1855 620 1906 658 Et
1923 620 2153 659 uestimenta
2172 622 2254 659 eius

1829 683 1932 721 facta
1952 689 2040 721 sunt
2060 683 2172 734 splen

1831 744 1922 784 dida
1941 751 1979 783 et
1997 746 2165 785 candida

1831 807 1947 846 nimis
1966 807 2069 845 uelut
2087 807 2155 846 nix

1831 870 1960 920 qualia
1978 882 2060 908 non
2079 882 2132 920 po

1829 937 1902 971 test
1922 933 2127 982 quisquam

1831 994 1924 1032 fullo
1946 1007 2061 1045 supra
2080 1000 2138 1032 ter

1831 1069 1914 1095 ram
1934 1056 2059 1095 facere
2079 1068 2155 1095 can

1833 1119 1945 1158 dida·
1986 1119 2000 1139 ⁴
2012 1118 2064 1157 Et
2082 1119 2192 1159 uisus

1832 1186 1889 1219 est
1908 1180 1979 1219 illis
1998 1180 2120 1219 helias

1832 1255 1923 1282 cum
1942 1255 2077 1293 moyse
2118 1243 2170 1282 Et

1833 1306 2109 1357 conloqueban

1832 1374 1892 1407 tur
1912 1380 2002 1406 cum
2023 1367 2088 1406 ihu
2102 1388 2111 1397 ·

1833 1430 1847 1451 ⁵
1859 1430 1909 1467 Et
1927 1435 2058 1481 petrus
2077 1430 2130 1469 ait
2150 1430 2200 1469 ad

1833 1492 1914 1531 ihm
1931 1512 1940 1522 ·
1983 1493 2092 1531 rabbi

1833 1555 1983 1593 bonum
2002 1560 2060 1593 est
2079 1566 2153 1594 nos

1834 1641 1897 1680 hic
1918 1653 2002 1680 esse
2018 1662 2027 1672 ·
2072 1648 2110 1680 et
2130 1642 2160 1681 si
2181 1643 2239 1681 uis

1836 1704 2024 1743 faciamus
2044 1705 2153 1743 taber

1836 1766 1976 1805 nacula
1995 1767 2066 1805 tria
2082 1788 2091 1797 ·
2133 1767 2203 1806 tibi

1835 1841 1959 1868 unum
1975 1849 1984 1859 ·
2026 1835 2065 1867 et
2083 1830 2211 1880 moysi

1837 1903 1959 1929 unum
1975 1912 1984 1921 ·
2028 1897 2067 1929 et
2086 1891 2184 1930 helie

1836 1965 1959 1992 unum
1975 1973 1984 1983 ·
2032 1954 2046 1975 ⁶
2058 1966 2138 1993 non
2158 1959 2222 1993 eni

1838 2016 1983 2054 sciebat
2003 2016 2095 2066 quid
2114 2016 2154 2054 lo

1837 2085 2015 2128 queretur
2027 2099 2036 2108 ·
2077 2078 2174 2118 timo

1334 2139 1449 2181 9.¹Et
1457 2142 1610 2180 dicebat
1622 2141 1693 2181 illis
1707 2153 1823 2180 amen
1837 2153 1878 2179 re
1898 2141 2003 2179 enim
2023 2141 2162 2179 exterri

1334 2205 1423 2244 dico
1447 2205 1565 2244 uobis
1586 2204 1694 2255 quod

1332 2273 1420 2306 sunt
1439 2266 1598 2318 quidam
1616 2267 1679 2306 hic

1334 2335 1479 2369 stantes
1499 2341 1654 2368 mecum
1671 2350 1679 2360 ·

1335 2393 1402 2443 qui
1422 2399 1492 2430 n0n
1511 2393 1721 2443 gustabunt

1332 2461 1500 2493 mortem
1514 2475 1523 2485 ·
1565 2454 1692 2494 donec

1332 2517 1492 2557 uideant
1510 2529 1675 2568 regnum

1335 2579 1375 2619 di
1393 2580 1526 2618 uenire
1547 2580 1587 2618 in
1605 2580 1664 2618 uir

1390 2659 1443 2674 w
1457 2647 1536 2680 Ulte
1549 2659 1603 2676 ω

1360 2703 1394 2735 in
1410 2703 1518 2735 serum
1534 2703 1568 2735 in
1583 2703 1779 2739 dedeeation

1834 2203 1863 2241 ti
1882 2209 1991 2241 erant
2007 2223 2016 2233 ·
2073 2203 2087 2224 ⁷
2101 2208 2140 2242 et
2158 2203 2220 2243 fac

1835 2272 1875 2304 ta
1894 2270 1952 2304 est
1971 2266 2093 2303 nubes
2113 2267 2165 2304 ob

1834 2328 2020 2366 umbrans
2040 2327 2125 2366 illos
2142 2348 2152 2358 ·

1836 2389 1887 2428 Et
1906 2390 2011 2428 uenit
2029 2402 2109 2429 uox
2128 2389 2177 2429 de
2196 2403 2250 2430 nu

1835 2453 1885 2491 be
1905 2452 2038 2490 dicens
2093 2452 2156 2491 hic

1837 2521 1896 2553 est
1917 2514 2015 2553 filius
2036 2526 2146 2555 meus

1837 2577 1999 2616 dilectus
2059 2576 2165 2617 hunc

1837 2638 1966 2678 audite
1982 2659 1992 2669 ·
2036 2638 2112 2678 ⁸Et
2131 2642 2237 2682 conti

1836 2713 1916 2740 nuo
1936 2701 2144 2754 circumspi

2318 309 2398 340 1¹01.
2415 310 2492 346 177.

1302 2755 1321 2777 *
1335 2756 1411 2794 ²Et
1430 2762 1517 2807 post
1540 2757 1621 2795 dies
1641 2769 1710 2795 sex

1300 2817 1319 2839 *
1334 2818 1497 2857 adsum·
1529 2819 1577 2857 sit
1595 2819 1654 2858 ihs

1302 2881 1320 2902 *
1335 2887 1486 2934 petrum
1506 2888 1544 2920 et
1563 2882 1702 2922 iacobi-1

1333 2950 1371 2984 et
1390 2944 1602 2984 iohannem
1614 2968 1668 2973 —

1838 2764 1983 2804 cientes
2002 2765 2157 2806 nemine

1838 2826 2005 2877 amplius
2024 2827 2202 2867 uiderunt

1838 2888 1912 2928 nisi
1931 2888 2012 2929 ihm
2032 2890 2117 2930 solu
2137 2896 2230 2932 secu

2011 2966 2036 2992 R
2059 2965 2078 2990 2

285 2769 435 2820 cipulos
455 2781 547 2807 suos
566 2769 605 2807 di

282 2844 377 2870 cens
390 2852 399 2862 ·
457 2844 574 2882 quem
593 2844 656 2871 me

284 2894 418 2934 dicunt
437 2907 520 2934 esse
541 2894 720 2935 homines

786 2770 819 2808 is
839 2770 934 2808 dixit
952 2770 1025 2809 illis
1039 2791 1049 2801 ·
1090 2771 1122 2809 si
1140 2771 1226 2823 quis

787 2833 868 2870 uult
887 2839 976 2883 post
987 2839 1092 2884 -pest
1103 2845 1166 2872 me

786 2895 896 2946 sequi
915 2896 1083 2947 abneget
1102 2908 1143 2936 se
