2872 3268
276 209 348 241 XV.
370 208 531 242 16—XVI.
550 206 597 249 3.]

95 318 180 350 ποι.
189 317 253 349 40.
277 316 405 355 adhuc
425 323 463 355 et
480 328 553 355 uos

278 379 360 418 sine
379 379 562 417 intelectu
580 390 622 417 es

277 441 327 480 tis
342 459 350 467 ·
381 441 411 462 ¹⁷
423 441 602 480 nondum
624 441 664 478 in

277 501 497 543 tellexsistis
510 520 518 529 ·
548 503 639 553 quia
678 512 683 516 ”

280 578 400 605 omne
420 565 528 616 quod
546 566 586 603 in
605 577 650 604 os

278 630 395 668 intrat
412 629 452 666 in
471 630 606 667 uentre

278 691 387 730 uadit
405 697 444 729 et
461 691 502 728 in
522 701 633 729 seces

279 766 367 792 sum
385 753 544 791 mittitur
559 773 569 783 ·

279 815 309 838 ¹⁸
323 815 436 863 Quae
454 821 585 853 autem
605 825 728 865 proce

281 878 380 918 dunt
398 877 446 916 de
465 889 531 916 ore
551 877 601 915 de

282 940 399 980 corde
418 946 563 978 exeunt

281 1009 320 1042 et
337 1015 384 1041 ea
403 1001 659 1052 coinquinant

279 1065 480 1105 hominem
494 1088 502 1096 ·
539 1063 569 1084 ¹⁹
580 1062 642 1102 De

282 1127 400 1167 corde
420 1127 527 1165 enim
546 1139 619 1165 exe

282 1195 354 1229 unt
373 1189 632 1239 cogitationes

282 1252 383 1291 male
402 1252 605 1292 fornicatio

282 1327 378 1354 nes·
409 1315 594 1353 adulteria
608 1332 616 1340 ·

284 1378 495 1416 homicidia
507 1393 515 1403 ·
545 1377 644 1415 furta
657 1394 665 1403 ·

285 1441 381 1479 falsa
400 1440 621 1479 testimonia
633 1457 641 1466 ·

284 1502 534 1542 blasfaemiae
547 1519 555 1528 ·

285 1590 317 1612 ⁹⁰
329 1590 420 1629 Hae
441 1596 530 1628 sunt
549 1602 624 1640 que
645 1590 733 1629 coin

287 1653 450 1704 quinant
468 1653 665 1692 homine--

289 1715 384 1755 Non
402 1716 489 1755 lotis
508 1722 639 1754 autem

289 1779 478 1817 manibus
505 1778 614 1816 snani

288 1842 364 1880 bus
383 1840 619 1879 manducare

289 1903 373 1942 non
393 1903 618 1954 coinquinat

289 1965 490 2004 hominem
510 1985 520 1995 ·

291 2027 345 2070 †²¹
357 2027 410 2066 Et
428 2040 607 2079 egressus
626 2028 717 2067 inde

289 2091 350 2130 ihs
369 2091 528 2130 secessit
545 2092 586 2129 in

290 2160 420 2205 partes
441 2155 514 2204 tyri
533 2161 571 2192 et
590 2155 622 2192 si

292 2217 406 2256 donis
422 2237 431 2248 ·
460 2215 490 2237 ²²
501 2222 539 2255 et
557 2229 650 2256 ecce

292 2279 429 2318 mulier
448 2292 624 2318 cananea

293 2355 317 2381 a
336 2342 475 2381 finibus
493 2342 567 2381 illis
586 2354 677 2393 egre

293 2417 336 2444 sa
349 2426 358 2436 ·
388 2405 580 2445 clamabat
599 2405 638 2443 di

293 2479 386 2507 cens
399 2488 408 2498 ·
440 2468 622 2506 miserere

294 2530 372 2569 mei
390 2530 465 2569 dfie
485 2531 536 2568 fili
556 2530 673 2569 dauid
687 2550 696 2561 ·

294 2593 372 2631 filia
390 2605 479 2631 mea
496 2593 596 2631 male
616 2605 639 2631 a

295 2655 502 2694 daemonio
520 2661 682 2694 uexatur
696 2676 706 2686 ·

294 2717 324 2740 ²³
335 2717 390 2756 At
407 2717 470 2756 ille
489 2729 571 2756 non
588 2729 733 2768 respon

295 2780 349 2819 dit
368 2780 403 2819 ei
421 2781 584 2819 uerbum
600 2801 666 2810 «-

1117 198 1207 239 MA
1218 192 1431 239 TTHEO‘·
1437 215 1445 224 ·

762 314 814 352 Et
833 313 1066 353 accedentes
1085 314 1144 353 dis

762 377 882 427 cipuli
900 377 981 415 eius
1000 389 1095 427 roga

764 441 859 478 bant
878 452 969 478 eum
989 439 1104 478 dicen

764 508 824 540 tes
837 522 846 531 ·
877 495 1094 541 Dimitt‘e'a-

765 563 831 613 qui
853 563 996 602 clamat
1014 570 1107 613 post

765 637 839 664 nos
853 646 861 656 ·
892 623 921 647 ²⁴
933 624 1023 675 Ipse
1043 628 1131 663 aute

764 687 1006 738 respondens
1025 687 1077 726 ait
1093 708 1102 718 ·

766 749 861 788 Non
880 750 1103 788 summissus
1121 750 1162 788 ni

767 813 798 851 si
818 812 868 851 ad
888 825 983 852 oues
1002 813 1112 863 perdi

766 882 825 913 tas
845 875 986 914 domus
1005 875 1053 913 isl
1067 896 1076 905 ·

767 936 796 959 ²⁵
808 937 862 976 At
880 938 944 976 illa
963 938 1124 976 ueniens
1144 937 1195 976 ad

768 1001 891 1040 orauit
909 1012 999 1039 eum
1019 1000 1152 1039 dicens
1166 1021 1175 1030 ·

769 1063 846 1102 dr‘1e
865 1063 1004 1102 adiuua
1023 1075 1086 1110 me
1103 1084 1112 1093 ·

768 1124 798 1147 ²⁶
809 1126 900 1176 Ipse
920 1134 1051 1164 autern
1070 1133 1208 1177 respon

770 1189 868 1228 dens
889 1189 962 1227 ait·
993 1201 1074 1228 non

769 1258 827 1291 est
845 1252 995 1290 bonum
1015 1251 1150 1301 accipe

768 1326 809 1353 re
829 1326 973 1364 panem
993 1314 1116 1353 filiort'l

770 1382 809 1415 et
827 1377 978 1414 mittere
999 1377 1134 1414 canibs
1151 1397 1160 1406 ·

769 1437 799 1460 ²⁷
811 1439 864 1478 At
882 1439 944 1477 illa
964 1438 1058 1477 dixit
1075 1439 1207 1489 utique

770 1501 846 1540 dfie
861 1522 870 1532 ·
900 1501 1004 1540 Nam
1024 1507 1062 1540 et
1080 1514 1126 1540 ca

771 1590 848 1629 telli
870 1589 1110 1628 manducant

773 1653 822 1691 de
842 1653 952 1691 micis
972 1665 1046 1703 que
1066 1665 1113 1691 ca

774 1715 870 1754 dunt
890 1715 937 1753 de
957 1727 1093 1753 mensa

773 1777 1020 1816 dominorum
1041 1789 1114 1816 suo

773 1851 858 1877 rum
875 1860 884 1869 ·
913 1837 941 1860 ²⁸
954 1839 1069 1878 Tune
1089 1852 1151 1878 res

773 1902 952 1953 pondens
971 1902 1030 1941 ihs
1050 1902 1145 1941 dixit

774 1965 810 2003 ci
839 1984 848 1994 ·
863 1964 900 2004 O
915 1985 924 1995 ·
953 1965 1089 2003 mulier

775 2039 919 2077 magna
938 2034 998 2066 est
1016 2028 1112 2066 fides

775 2096 841 2128 tua
860 2090 926 2128 fiat
944 2090 1012 2128 tibi
1036 2090 1134 2129 sicut

774 2152 834 2191 uis
853 2159 891 2190 et
910 2159 1046 2191 sanata
1063 2159 1122 2191 est

777 2215 854 2254 filia
872 2215 971 2253 illius
990 2228 1038 2254 ex
1059 2215 1122 2253 illa

778 2277 875 2316 hora
887 2298 896 2307 ·
926 2281 950 2319 †
963 2275 992 2300 ²⁹
1005 2277 1057 2315 Et
1076 2290 1167 2316 cum

777 2341 974 2379 transisset
993 2340 1083 2379 inde

778 2403 837 2441 ihs
856 2403 963 2442 uenit
982 2415 1093 2442 secus

777 2478 885 2504 mare
904 2466 1064 2516 galileae

777 2535 816 2567 et
834 2529 1050 2567 ascendens
1069 2529 1110 2567 in

778 2598 955 2630 montem
975 2591 1136 2630 sedebat

778 2654 856 2692 ibi·
885 2653 916 2675 ³⁰
927 2659 965 2691 et
985 2665 1122 2692 accese

778 2722 867 2754 runt
885 2715 936 2754 ad
953 2727 1043 2754 eum
1062 2722 1123 2753 tur

777 2778 827 2817 be
846 2778 990 2817 multae
1004 2798 1012 2808 ·
1043 2777 1172 2817 haben

1310 320 1370 352 tes
1390 324 1525 351 secum
1544 324 1612 350 mu

1313 382 1374 414 tos
1394 375 1533 414 clodos
1553 387 1623 413 cae

1314 449 1383 476 cos
1404 437 1550 475 debiles
1571 442 1609 475 et

1313 499 1410 538 alios
1429 499 1574 537 multos
1588 520 1597 529 ·
1636 505 1675 537 et

1314 562 1558 611 proiecerunt
1575 573 1645 600 eos

1315 624 1365 662 ad
1383 624 1504 674 pedes
1522 623 1589 662 ihu
1602 645 1611 654 ·
1636 630 1675 662 et

1316 686 1468 725 sanauit
1487 699 1555 726 eos
1569 708 1578 717 ·
1604 686 1632 708 ⁸²
1648 687 1708 725 Ita

1314 756 1356 787 ut
1375 750 1484 787 turbe
1505 749 1602 788 mira

1315 818 1444 850 rentur
1457 832 1466 842 ·
1495 812 1614 850 uiden

1315 881 1373 912 tes
1392 880 1520 913 mutos
1539 874 1578 912 lo

1317 943 1479 987 quentes
1492 957 1501 966 ·
1532 937 1621 975 debi

1316 1000 1372 1038 les
1392 1011 1511 1038 sanos
1525 1020 1533 1030 ·
1566 1000 1628 1038 clo

1319 1063 1391 1101 dos
1411 1062 1651 1101 ambulantes
1666 1083 1675 1093 ·

1318 1137 1459 1164 caecos
1478 1125 1655 1164 uidentes

1318 1194 1357 1226 et
1375 1187 1678 1237 magnificabant

1319 1249 1385 1288 dfii
1405 1250 1452 1288 isi
1464 1270 1473 1280 ·
1502 1248 1558 1292 -Ι-32
1570 1250 1636 1289 Ihs
1656 1253 1744 1289 aute

1319 1312 1546 1351 conuocatis
1564 1312 1660 1351 disci

1319 1374 1419 1424 pulis
1440 1375 1516 1413 suis
1536 1375 1654 1413 dixit·

1321 1437 1512 1476 Misereor
1530 1439 1664 1476 turbae

1320 1500 1411 1550 quia
1427 1500 1505 1538 iam
1524 1500 1651 1538 tridufl

1319 1594 1378 1627 est
1396 1587 1503 1638 quod
1521 1600 1634 1638 perse

1320 1656 1429 1689 uerat
1447 1663 1602 1689 mecum
1616 1671 1625 1681 ·
1655 1658 1694 1690 et

1321 1725 1402 1752 non
1422 1713 1566 1751 habent
1584 1713 1693 1763 quod

1321 1775 1531 1814 mandcare
1547 1796 1556 1806 -
1585 1782 1623 1814 et
1643 1777 1681 1814 di

1322 1838 1470 1876 mittere
1488 1850 1556 1878 eos
1574 1839 1648 1876 ieiu

1323 1913 1396 1940 nos
1411 1921 1420 1931 ·
1451 1901 1543 1940 nolo
1559 1921 1568 1931 ·
1598 1913 1648 1939 ne
1667 1901 1742 1940 defi

1323 1964 1427 2002 ciant
1445 1964 1485 2001 in
1504 1964 1568 2002 uia
1581 1984 1590 1993 ·
1608 1985 1616 1994 ·
1647 1964 1675 1985 ³³
1687 1964 1738 2002 Di

1324 2033 1416 2065 cunt
1435 2033 1563 2065 autem
1582 2027 1616 2065 ei
1638 2026 1698 2065 dis

1325 2089 1440 2139 cipuli
1460 2089 1563 2127 eius·
1593 2089 1696 2127 unde

1325 2152 1437 2191 nobis
1455 2152 1496 2189 in
1515 2151 1668 2191 deserto

1324 2226 1447 2264 panes
1466 2220 1595 2252 tantos
1613 2220 1656 2253 ut

1325 2284 1540 2315 saturentur
1558 2283 1618 2315 tur

1326 2341 1399 2378 bae
1418 2346 1547 2378 tantae
1561 2360 1570 2370 ·
1600 2339 1630 2361 ⁸⁴
1642 2347 1680 2379 et
1699 2340 1751 2379 ait

1325 2403 1398 2441 illis
1416 2402 1475 2440 ihs
1495 2402 1600 2452 quod
1618 2415 1670 2453 pa

1326 2478 1396 2504 nes
1416 2465 1565 2504 habetis
1578 2486 1586 2496 ·
1617 2472 1656 2504 at
1673 2465 1725 2504 illi

1326 2529 1504 2567 dixerunt
1524 2534 1670 2579 septem
1687 2549 1696 2559 ·

1327 2597 1365 2630 et
1383 2603 1531 2642 paucos
1549 2591 1689 2641 piscicu

1326 2653 1386 2692 los
1398 2674 1407 2683 ·
1436 2653 1465 2674 ⁸⁶
1475 2653 1527 2692 Et
1546 2654 1743 2705 praecepit

1325 2717 1434 2754 turbe
1453 2715 1655 2755 discumbe

1324 2790 1365 2817 re
1384 2778 1424 2815 in
1442 2784 1583 2816 terram
1596 2798 1606 2809 ·

2230 211 2280 243 21

1816 312 1845 334 ³⁶
1857 313 1907 352 Et
1921 315 2116 365 accipiens
2135 318 2243 366 septe
2301 320 2384 352 Pol.
2396 320 2453 353 41.

1817 387 1941 426 panes
2003 383 2041 415 et
2060 377 2158 416 duos

1817 437 2010 487 pisculos·
2040 445 2078 476 et
2096 452 2166 489 gra

1817 500 1890 538 tias
1910 512 2031 550 agens
2049 501 2105 539 fre

1817 562 1872 612 git
1891 569 1929 601 et
1951 562 2056 601 dedit
2076 563 2171 602 disci

1816 624 1919 675 pulis
1938 625 2016 663 suis
2063 631 2101 663 et
2121 625 2179 664 dis

1818 687 1935 737 cipuli
1958 688 2040 726 eius
2060 687 2159 727 dede

1817 756 1906 788 runt
1926 750 2072 800 populo
2090 771 2099 781 ·

1818 811 1847 833 ⁸⁷
1860 811 1911 850 Et
1929 812 2261 852 manducauerunt

1818 886 1956 913 omnes
1975 880 2013 913 et
2033 881 2161 914 satura

1819 937 1847 975 ti
1867 943 1957 975 sunt
1969 957 1978 966 ·
2007 943 2045 975 et
2063 937 2140 976 tule

1820 1004 1910 1036 runt
1929 999 2036 1049 quod
2056 1000 2160 1038 abun

1821 1061 1926 1100 dauit
1944 1062 2119 1112 fragmen

1819 1131 1950 1163 torum
1997 1131 2148 1174 septem

1821 1193 1971 1237 sportas
1991 1187 2128 1237 plenas
2142 1208 2151 1218 ·

1819 1249 1848 1271 ⁸⁸
1860 1249 1982 1287 Erant
2001 1256 2131 1288 autem
2154 1250 2220 1300 qui

1820 1312 2154 1350 manducauerunt

1820 1380 1999 1424 quattuor
2017 1374 2123 1412 milia
2140 1375 2180 1413 ui

1820 1449 1972 1476 rorum·
2008 1444 2117 1475 extra

1819 1511 1962 1550 pueros
1981 1505 2019 1537 et
2037 1499 2154 1538 mulie

1823 1599 1906 1626 res·
1937 1587 1966 1608 ⁸⁰
1977 1586 2029 1625 Et
2049 1586 2207 1626 dimissa

1822 1650 1933 1688 turba
1956 1650 2128 1688 ascendit

1822 1714 1862 1751 in
1883 1712 2102 1750 nauiculam
2117 1733 2126 1742 ·
2156 1719 2194 1751 et

1822 1775 1928 1814 uenit
1945 1775 1986 1813 in
2005 1774 2102 1813 fines
2122 1787 2214 1826 mag

1823 1838 1939 1876 dalan
1953 1858 1962 1868 ·
1983 1840 2007 1878 †
2022 1842 2085 1877 16.
2115 1837 2128 1859 ¹
2140 1844 2178 1876 et
2197 1850 2289 1877 acce

1823 1900 1957 1938 dentes
1980 1900 2129 1939 farisaei

1823 1969 1861 2001 et
1881 1962 2064 2001 sadducei
2086 1969 2167 2001 tem

1823 2031 1948 2063 tantes
1967 2037 2112 2075 rogaue

1824 2093 1913 2126 runt
1931 2099 2021 2126 eum
2035 2108 2043 2117 ·
2072 2093 2114 2126 ut
2134 2087 2193 2137 sig

1824 2162 1920 2188 num
1943 2150 1992 2188 de
2012 2150 2121 2188 caelo
2140 2157 2251 2189 osten

1826 2213 1935 2251 deret
1953 2212 2023 2250 illis
2039 2233 2048 2242 ·
2077 2211 2092 2232 ²
2104 2212 2158 2251 At
2178 2212 2237 2251 ille

1826 2275 2068 2326 respondens
2088 2276 2139 2314 ait

1827 2338 1921 2376 illis·
1952 2350 2042 2376 cum
2062 2350 2149 2377 sero

1826 2401 1972 2440 factum
1992 2401 2102 2439 fuerit
2118 2421 2127 2430 ·

1827 2464 1950 2503 dicitis
1970 2475 2148 2501 serenum

1826 2527 1918 2566 erit·
1947 2525 2163 2564 rubicunda

1826 2596 1884 2628 est
1902 2589 2005 2627 enim
2028 2588 2178 2627 caelum
2191 2608 2201 2618 ·

1827 2652 1840 2673 ³
1852 2658 1889 2690 et
1908 2663 2023 2689 mane
2041 2651 2159 2689 hodie
2178 2656 2257 2689 tem

1824 2720 1954 2766 pestas
1970 2734 1979 2744 ·
2008 2714 2171 2751 rubicun

1826 2777 1920 2817 dum
1939 2783 1998 2816 est
2014 2776 2119 2816 enim
2137 2776 2247 2815 caelu
