2872 3268
288 208 415 244 xxw..
431 206 579 251 59-5³·]

1175 193 1410 235 LUCAN-

1276 347 1280 351 ,
1325 321 1457 350 ossam
1477 320 1558 346 non
1579 308 1666 346 abet

1326 373 1421 411 sicut
1441 383 1504 410 me
1527 370 1666 408 uidetis

1325 436 1467 473 habere
1482 455 1490 464 ·
1521 433 1551 455 ⁴⁰
1563 433 1614 477 Et
1633 433 1710 472 hoc

1326 509 1416 536 cum
1437 496 1597 534 dixisset
1636 507 1682 534 os

1326 560 1451 599 tendit
1471 559 1524 598 eis
1545 570 1686 597 manus

1326 629 1365 662 et
1384 622 1530 672 pedes·
1559 620 1741 658 “Adhuc

1328 693 1458 723 autem
1478 684 1549 722 illis
1569 695 1649 722 non

1329 747 1572 786 credentibus

1330 817 1369 849 et
1388 810 1615 848 mirantibus

1330 885 1397 923 pre
1418 871 1561 922 gaudio
1578 892 1586 901 ·
1631 870 1725 909 dixit

1331 935 1385 973 eis
1423 933 1573 972 habetis
1589 933 1638 971 ali

1332 997 1426 1048 quid
1445 996 1507 1035 hic
1527 995 1634 1046 quod

1332 1059 1570 1097 manducare
1587 1079 1596 1088 ·

1333 1120 1361 1143 ⁴²
1373 1122 1427 1160 At
1446 1121 1498 1159 illi
1518 1121 1740 1171 optulerunt

1333 1184 1383 1222 illi
1403 1190 1554 1234 partem
1576 1184 1637 1233 pis

1335 1247 1391 1285 cis
1410 1258 1539 1284 assam
1579 1245 1631 1283 Et
1652 1245 1699 1283 de

1334 1308 1423 1347 fauo
1461 1308 1491 1329 4³
1502 1314 1540 1346 et
1559 1308 1706 1346 mandu

1336 1383 1430 1410 cans
1451 1383 1584 1409 coram
1605 1370 1697 1420 ipsis

1335 1433 1365 1454 ¹⁴²
1379 1434 1430 1471 Et
1450 1433 1545 1471 dixit
1566 1433 1616 1470 ad
1637 1444 1704 1470 eos
1721 1452 1729 1462 ·

1336 1500 1360 1538 †
1373 1496 1445 1534 hec
1467 1501 1555 1534 sunt
1574 1496 1695 1533 uerba

1337 1571 1435 1609 quae
1454 1558 1604 1597 locutus
1625 1561 1670 1596 ssi

1359 1646 1394 1678 in
1421 1645 1475 1677 die
1498 1644 1703 1676 ascensiones
1727 1643 1783 1676 dfii

1381 1697 1484 1730 nostri
1500 1698 1557 1728 ihu
1569 1697 1623 1736 xpi
1639 1695 1761 1728 second

1360 1760 1491 1784 carnem
1506 1748 1605 1781 lectio
1617 1747 1783 1790 euangelii

1440 1801 1618 1833 secondum
1634 1800 1709 1832 luca

1339 1880 1388 1918 ad
1408 1891 1480 1918 uos
1523 1891 1613 1917 cum
1634 1877 1683 1916 ad

1338 1942 1414 1980 huc
1435 1953 1562 1980 essem
1581 1941 1694 1979 uobis

1341 2017 1430 2043 eum
1448 2025 1456 2035 ·
1497 2008 1592 2053 qum
1613 2015 1729 2042 neces

1341 2080 1383 2106 se
1402 2073 1459 2105 est
1479 2065 1628 2116 impleri
1647 2077 1713 2103 om

1341 2130 1405 2167 nia
1428 2141 1526 2179 quae
1548 2128 1689 2178 scripta

1342 2199 1430 2230 sunt
1450 2192 1489 2229 in
1509 2191 1595 2240 lege
1615 2189 1739 2239 moysi

1342 2261 1380 2292 et
1399 2253 1556 2303 profetis
1600 2259 1637 2291 et
1656 2251 1741 2302 psal

1342 2316 1415 2354 mis
1434 2315 1482 2354 de
1502 2327 1567 2353 me
1581 2336 1589 2345 ·
1619 2314 1648 2336 ⁴⁵
1662 2321 1753 2353 tune

1343 2378 1492 2427 aperuit
1506 2389 1640 2427 aper-u-

1337 2433 1378 2479 4AE
1395 2440 1467 2477 illis
1487 2451 1646 2477 sensum

1343 2509 1384 2541 ut
1396 2502 1647 2552 intelligerent

1344 2577 1391 2602 ea
1411 2576 1486 2614 que
1507 2564 1647 2613 scripta
1667 2569 1776 2601 sunt·

1344 2626 1372 2647 ⁴⁶
1384 2625 1435 2663 Et
1455 2626 1548 2663 dixit
1568 2625 1622 2662 eis
1669 2628 1763 2674 qum

1346 2688 1400 2726 sic
1421 2688 1605 2737 scriptum
1624 2693 1681 2724 est
1694 2707 1702 2717 ·

1345 2757 1383 2788 et
1403 2750 1456 2788 sic
1480 2749 1648 2799 oportuit

1345 2815 1441 2861 xpm
1461 2811 1540 2861 pati
1582 2817 1620 2848 et
1640 2822 1681 2849 re

1346 2885 1499 2923 surgere
1519 2884 1542 2910 a
1561 2879 1689 2912 mortu

1345 2935 1376 2973 is
1396 2935 1503 2973 tertia
1522 2934 1582 2972 die

1345 2997 1374 3019 ⁴⁷
1387 3003 1424 3035 et
1443 2996 1631 3047 predicari
1650 2996 1689 3034 in
1709 3008 1762 3034 no

1345 3058 1447 3096 mine
1467 3059 1547 3096 eius
1566 3058 1658 3108 peni

1345 3121 1505 3161 tentiam
1530 3127 1568 3160 et
1586 3120 1703 3159 remis

2217 199 2294 228 111

1829 306 1979 344 sionem
1999 310 2162 355 peccato

1830 380 1915 406 rum
1956 368 1996 405 in
2016 368 2124 405 omni
2147 379 2224 417 gen

1829 438 1865 469 te
1908 430 2182 481 incipientibus

1830 494 1880 532 ab
1900 493 2157 543 hierosolyma

1830 557 1858 578 ⁴⁸
1871 556 1957 595 Uos
1981 563 2110 594 autern
2134 555 2225 594 estis

1831 626 1946 659 testes
1964 619 2107 658 horum

1831 683 1860 704 ⁴⁹
1872 683 1923 720 Et
1943 694 2034 720 ecce
2057 692 2133 731 ego
2153 681 2262 720 mitto

1831 745 2022 796 promissa
2041 741 2158 794 patris

1832 808 1909 846 mei
1928 808 1968 845 in
1988 807 2100 845 uobis
2117 828 2125 836 -

1833 870 1919 909 Uos
1939 876 2068 908 autem
2089 869 2179 907 sede

1834 941 1871 972 te
1891 934 1932 971 in
1952 933 2103 971 ciuitate

1834 996 2065 1034 hierusalem

1835 1058 2086 1108 quoadusque
2106 1057 2146 1095 in

1836 1120 2008 1159 duamini
2026 1120 2127 1158 uirtu

1835 1190 1915 1222 tem
1935 1184 1985 1221 ab
2005 1182 2083 1220 alto

1836 1245 1866 1266 ⁶⁰
1877 1245 2022 1283 Eduxit
2040 1251 2169 1283 autem

1836 1320 1904 1346 eos
1924 1308 2016 1346 foris
2035 1308 2074 1345 in
2094 1308 2141 1345 be

1837 1371 2009 1409 thaniam
2031 1391 2039 1400 ·
2083 1370 2133 1407 Et
2153 1369 2210 1407 ele

1837 1434 1934 1471 uatis
1953 1433 2131 1471 manibus

1839 1496 1916 1534 suis
1936 1495 2131 1533 benedixit

1840 1570 1932 1597 eos·
1962 1558 2054 1596 51Et
2073 1557 2175 1596 facti-1
2198 1563 2256 1596 est

1841 1873 1934 1912 dum
1954 1872 2144 1911 benedicit

1840 1936 1925 1974 illos
1945 1936 2100 1974 recessit

1842 1999 1891 2036 ab
1912 1999 1968 2036 eis
1988 2015 1994 2023 ·
2036 1998 2087 2036 Et
2108 1997 2242 2035 aeleua

1842 2062 1954 2099 batur
1973 2061 2012 2098 in
2032 2060 2158 2099 celum
2216 2076 2218 2078 v

1843 2122 1871 2144 ⁵²
1883 2123 1934 2162 Et
1953 2124 2025 2173 ipsi
2044 2123 2252 2162 adorantes

1843 2199 1932 2225 eum
1951 2187 2113 2236 regressi

1844 2256 1933 2288 sunt
1952 2250 1992 2287 in
2012 2249 2162 2287 hierusa

1844 2312 1921 2350 lem
1941 2324 2030 2350 cum
2050 2323 2126 2362 gau

1845 2375 1909 2412 dio
1929 2386 2075 2423 magno
2093 2395 2101 2404 ·
2131 2373 2160 2395 ⁶⁸
2175 2380 2212 2412 et

1844 2442 1952 2475 erant
1972 2449 2124 2486 semper

1843 2500 1883 2536 in
1903 2499 2048 2549 templo
2067 2499 2130 2537 lau

1846 2561 1980 2600 dantes
1996 2568 2033 2599 et
2048 2563 2148 2600 bene

1846 2623 2018 2662 dicentes
2038 2624 2132 2662 dfim
2153 2644 2162 2654 ·
2180 2645 2188 2654 ·
2205 2641 2259 2658 „a

1893 2728 2269 2746 mmmm

1892 2817 2272 2835 mmmm

1893 2905 2272 2928 sas-‘suessos

2316 318 2398 349 1¹01.
2413 318 2464 349 n.
