2872 3268
535 214 616 257 108
1443 210 1602 252 SECD
1617 230 1628 242 ·
2135 203 2262 259 [xxn'.
2279 219 2483 260 47-xxr11.
2504 225 2537 261 7·

1560 327 1785 378 priusquam
1804 325 1927 377 gallus
2063 326 2326 365 testimonium
2346 326 2386 378 ip
2551 326 2736 361 1⁸01..154.

1561 397 1691 429 cantet
1713 396 1770 428 ter
1789 402 1852 428 me
1872 401 1974 439 nega
2063 389 2095 428 si
2114 390 2219 428 enim
2239 389 2455 428 audiuimus

1560 453 1618 491 bis
1634 474 1643 483 ·
1684 451 1713 474 ⁶²
1721 453 1773 491 Et
1787 453 1919 491 exiens
1938 452 2029 491 foris
2064 452 2111 490 de
2131 464 2197 491 ore
2217 452 2335 502 ipsius
2352 473 2360 482 ·
2377 475 2432 481 —

1560 523 1690 567 petrus
1710 515 1814 554 fleuit
1833 527 1922 554 ama
2064 519 2132 554 23.
2152 514 2416 566 ¹Etexurgens
2428 516 2555 555 omnis

335 337 417 369 ποι.
435 338 516 370 153.
533 339 593 372 tur
612 331 721 371 iudas
775 343 875 370 unus
896 343 944 369 ex
1030 330 1068 368 in
1089 329 1251 368 domum
1272 327 1358 378 prin

533 396 742 435 duodecim
762 402 897 433 antece
1029 392 1124 442 cipis
1145 391 1349 430 sacerdotii
1363 414 1373 423 ·

532 459 649 497 debat
669 470 736 496 eos
753 479 761 487 ·
805 457 856 495 Et
876 456 998 506 adpro
1028 454 1163 493 Petrus
1177 466 1271 494 uero
1290 467 1331 493 se

529 521 642 572 pians
660 521 726 558 ihu
745 520 877 558 oscula
1027 517 1217 567 quebatur
1235 529 1325 555 eum

531 584 560 622 ri
579 595 669 622 eum
686 603 695 613 ·
739 582 767 603 ⁴⁸
779 582 872 620 dixit
892 583 979 618 aute

530 646 581 684 illi
602 646 660 684 ihs
676 666 685 675 ·
728 645 815 682 iuda
835 655 930 682 oscu

529 708 609 746 lum
630 707 748 745 filium
768 706 874 743 homi

531 771 590 808 nis
610 770 725 808 tradis
742 790 751 799 ·
795 768 824 791 ⁴⁹
836 768 943 819 quod

531 845 619 871 curn
638 832 816 870 uiderunt
834 830 875 868 hi

529 895 593 946 qui
613 895 715 933 circa
733 895 859 944 ipsum
879 906 900 932 e

526 964 612 996 rant
632 957 810 995 dixerunt

528 1020 604 1058 dfie
624 1020 655 1058 si
675 1020 846 1070 percutie

527 1094 614 1121 mus
627 1082 664 1120 in
678 1082 808 1132 gladio
832 1081 920 1120 ⁵⁰Et
928 1094 997 1132 per

526 1145 646 1184 cussit
664 1156 767 1183 unus
786 1157 834 1183 ex
855 1145 926 1183 illis

527 1219 682 1246 seruum
703 1207 888 1257 principis

527 1270 774 1309 sacerdotum
786 1291 795 1300 ·
838 1270 891 1308 Et
910 1282 975 1309 am

524 1333 674 1383 putauit
692 1333 890 1371 auricula·-

525 1396 608 1434 eius
629 1395 804 1434 dextram
821 1416 829 1426 ·
848 1416 856 1426 ·
875 1417 884 1426 ·

524 1456 553 1479 ⁶¹
567 1457 828 1508 Respondeas
848 1464 978 1496 autem

525 1520 585 1559 ihs
605 1521 700 1558 dixit
716 1541 726 1551 ·
771 1520 881 1559 sinite

523 1594 647 1634 usque
667 1583 742 1622 hoc
760 1604 769 1614 ·
813 1584 864 1622 Et
883 1590 950 1622 tan

524 1683 623 1722 gens
642 1671 853 1710 auriculam

523 1734 605 1772 eius
625 1735 776 1773 sanauit
794 1746 885 1773 eum

524 1795 553 1817 ⁶²
564 1797 616 1835 Et
635 1797 730 1835 dixit
749 1797 808 1835 ihs
828 1796 879 1835 ad
897 1788 967 1836 eos

524 1860 590 1910 qui
608 1867 797 1898 uenerunt
816 1859 866 1897 ad

523 1934 613 1960 eum
633 1934 656 1960 a
671 1922 878 1973 principib5

523 1985 770 2023 sacerdotum
791 1991 830 2023 et

522 2047 807 2097 magistratibus

522 2110 658 2160 templi
677 2116 715 2149 et
734 2110 874 2149 seniori

522 2172 596 2210 bus
613 2193 622 2202 ·
663 2172 773 2223 quasi
792 2172 842 2210 ad
863 2172 899 2211 la

522 2240 675 2273 tronem
699 2235 829 2273 existis

523 2309 613 2335 cum
633 2297 769 2347 gladiis
789 2303 826 2335 et
846 2296 905 2334 fus

523 2360 625 2398 tibus
668 2359 697 2380 ⁵³
710 2359 813 2398 Cum
833 2360 926 2398 cotti

524 2421 585 2460 die
605 2422 810 2461 uobiscum
829 2422 870 2460 fu

525 2485 621 2522 erim
639 2485 679 2522 in
698 2484 845 2535 templo

526 2558 607 2584 non
628 2548 852 2586 extendistis

526 2608 566 2645 in
585 2621 647 2647 me
667 2622 805 2648 manus
819 2631 828 2640 ·

527 2671 595 2708 sed
614 2670 686 2709 hec
707 2679 765 2710 est
785 2672 878 2711 hora

526 2739 653 2770 uestra
672 2740 709 2771 et
727 2740 839 2783 potes

527 2799 585 2830 tas
604 2796 845 2834 tenebrarum
862 2817 871 2826 ·

528 2854 555 2875 ⁵⁴
568 2855 618 2892 Et
637 2858 905 2906 conprehensfi

527 2917 634 2954 illum
654 2917 844 2956 duxerunt

1027 592 1051 618 a
1070 579 1184 630 longe
1201 601 1208 610 ·
1225 600 1234 610 ·
1278 579 1307 601 ⁶⁵
1321 579 1455 619 Accen

1027 654 1072 680 so
1096 649 1227 681 autem
1246 642 1326 692 igni
1345 643 1385 680 in

1026 705 1158 743 medio
1184 706 1280 743 atrio
1336 705 1387 743 Et

1026 779 1117 805 cum
1137 768 1326 806 circumse

1026 830 1205 868 dentibus
1226 830 1318 869 sede

1026 893 1092 931 bat
1110 898 1149 931 et
1167 899 1296 943 petrus

1025 955 1066 992 in
1085 955 1215 994 medio
1238 967 1374 994 eorum

1025 1017 1054 1039 ⁶⁶
1067 1017 1198 1065 Quem
1218 1030 1309 1056 cum
1328 1018 1424 1056 uidit

1027 1081 1166 1119 ancilla
1186 1081 1347 1119 sedente

1026 1144 1076 1182 ad
1097 1143 1228 1182 lumen
1247 1144 1400 1182 intuens

1025 1206 1130 1245 illum
1152 1206 1248 1245 dixit
1266 1213 1304 1245 et
1323 1206 1386 1245 hic

1026 1269 1075 1308 de
1095 1269 1150 1307 eis
1169 1275 1227 1307 est
1283 1269 1349 1319 qui
1369 1273 1419 1307 οῦ

999 1334 1008 1344 “
1026 1332 1112 1382 ipso
1132 1338 1241 1370 erant
1261 1338 1413 1382 semper
1429 1353 1437 1361 ·
1456 1352 1465 1362 ·

1025 1394 1055 1416 ¹⁵⁷
1068 1394 1121 1433 At
1140 1394 1202 1434 ille
1221 1395 1378 1445 negauit
1398 1394 1432 1433 ei
1456 1394 1495 1432 di

1025 1469 1119 1508 cen-s
1174 1457 1310 1495 mulier
1330 1469 1412 1496 non

1025 1520 1119 1558 noui
1142 1520 1249 1559 illum
1304 1520 1332 1541 ⁶⁸
1344 1519 1395 1557 Et
1413 1519 1426 1557 i

1024 1589 1149 1621 terum
1169 1589 1257 1633 post
1276 1582 1377 1633 pusil

1025 1670 1106 1709 lum
1126 1669 1264 1708 uidens
1284 1682 1375 1709 eum

1031 1732 1105 1771 alia
1124 1732 1218 1771 dixit
1234 1753 1242 1763 ·
1286 1732 1407 1771 horno
1427 1738 1464 1771 et

1030 1802 1072 1833 tu
1091 1807 1181 1834 cum
1200 1795 1264 1834 illo
1284 1807 1370 1833 eras
1390 1799 1430 1833 se

1031 1871 1101 1909 per
1120 1878 1130 1888 ·
1173 1858 1238 1909 qui
1257 1870 1402 1908 respon

1030 1921 1109 1959 dit·
1150 1933 1231 1960 non
1251 1933 1337 1959 sum
1356 1932 1432 1971 ego
1449 1941 1458 1951 ·

1029 1984 1058 2005 ⁵⁹
1072 1984 1123 2022 Et
1142 1983 1342 2022 interuallo

1027 2047 1131 2086 facto
1152 2046 1269 2086 horae
1289 2047 1404 2085 unius
1419 2067 1428 2076 ·

1028 2110 1125 2148 alius
1144 2109 1386 2149 contendens

1027 2173 1122 2211 dixit
1139 2193 1147 2202 ·
1188 2184 1277 2210 uere
1297 2179 1335 2210 et
1354 2172 1414 2210 hic

1027 2247 1116 2273 cum
1136 2235 1200 2273 illo
1223 2241 1304 2273 erat
1319 2255 1327 2264 ·
1368 2246 1461 2272 nam

1026 2303 1064 2335 et
1086 2297 1246 2347 galileus
1265 2304 1322 2336 est
1338 2317 1347 2327 ·
1390 2295 1419 2317 ⁶⁰
1432 2309 1482 2347 pe

1027 2366 1109 2398 trus
1129 2366 1259 2398 autem
1279 2359 1373 2398 dixit
1389 2380 1398 2390 ·

1027 2422 1148 2462 homo
1169 2422 1301 2461 nescio
1320 2421 1413 2472 quid

1027 2485 1134 2524 dicas
1150 2506 1159 2515 ·
1200 2484 1251 2522 Et
1270 2484 1454 2523 continuo

1028 2547 1154 2587 adhuc
1172 2547 1237 2586 illo
1257 2547 1436 2598 loquente

1029 2610 1197 2649 cantauit
1218 2610 1342 2660 gallus
1359 2630 1368 2640 ·
1400 2608 1428 2631 ⁶¹
1439 2609 1491 2648 Et

1028 2684 1239 2713 conuersus
1259 2672 1331 2710 dfis
1350 2684 1391 2710 re

1027 2736 1152 2786 spexit
1170 2742 1322 2786 petrum
1339 2755 1347 2765 ·
1390 2734 1441 2773 Et

1027 2804 1306 2836 rememoratus
1324 2804 1382 2836 est

1027 2867 1157 2910 petrus
1175 2861 1338 2898 uerbum
1358 2860 1423 2898 dni

1027 2922 1123 2960 sicut
1142 2922 1235 2960 dixit
1254 2923 1304 2960 illi

1587 596 1642 612 m
1660 579 1831 617 rissimae
1845 595 1899 610 a*

2064 578 2272 616 multitudo
2292 578 2403 617 illoti-1
2417 599 2426 609 ·

1529 638 1547 660 *
1563 641 1590 662 ⁶³
1602 640 1652 679 Et
1671 641 1741 678 uiri
1760 641 1826 691 qui
1849 641 2032 679 tenebant
2067 641 2259 679 duxerunt
2278 652 2368 679 eum

1530 702 1643 742 *ihm
1662 703 1886 742 inludebant

2068 703 2118 742 ad
2137 703 2297 754 pilatum
2314 724 2322 733 ·
2364 701 2379 725 ²
2392 703 2475 744 Coe

1529 765 1548 787 *
1562 778 1652 805 eum
1668 787 1677 796 ·
1707 767 1736 788 ⁶⁴
1748 766 1799 804 Et
1812 766 2034 805 uelauerunt
2067 773 2207 816 perunt
2226 772 2357 805 autem

1560 829 1698 868 faciem
1716 829 1797 869 eius
1810 849 1818 858 ·
1863 834 1900 867 et
1919 841 1988 879 per

1562 892 1758 931 cutiebant
1777 903 1866 930 eum
1887 891 1926 929 di

1561 960 1692 993 centes
1709 975 1718 984 ·
1762 953 1946 1005 profetiza

1561 1017 1646 1068 quis
1667 1024 1726 1056 est
1744 1017 1810 1067 qui
1829 1023 1867 1055 te
1886 1028 1955 1067 per

2066 841 2247 868 accusare
2267 828 2373 867 illurn

2067 891 2238 930 dicentes
2256 913 2264 922 ·
2283 913 2291 922 ·
2335 891 2456 931 Hunc

2065 954 2282 993 inuenimus
2302 956 2374 993 sub

2065 1023 2279 1056 uertentem
2296 1017 2357 1068 ple

1562 1080 1679 1119 cusit·
1695 1101 1703 1110 ·
1721 1079 1809 1118 ⁶⁶Et
1823 1079 1896 1118 alia
1911 1078 2032 1118 multa
2065 1080 2156 1118 bem
2177 1085 2350 1118 nostram
2366 1100 2375 1110 ·

1561 1142 1836 1181 blasfemantes
1858 1142 1944 1180 dice

2065 1142 2117 1181 Et
2137 1142 2354 1183 soluentem
2373 1143 2409 1181 le

1561 1206 1655 1244 bant
1666 1206 1705 1243 in
1717 1218 1819 1244 eum·
1845 1205 1929 1242 “Et
1940 1204 1976 1232 ut
1987 1204 2049 1244 fac
2066 1217 2157 1255 gem
2177 1211 2351 1244 nostram
2369 1205 2423 1244 Et

1561 1275 1622 1307 tus
1644 1275 1703 1307 est
1723 1268 1806 1307 dies
1826 1279 1954 1307 conue

1560 1332 1617 1370 nit
1635 1331 1912 1382 presbyterium

1560 1394 1682 1445 plebis
1730 1401 1767 1432 et
1786 1393 1910 1444 princi

1561 1469 1631 1507 pes
1652 1457 1900 1495 sacerdotum

1561 1526 1599 1558 et
1619 1520 1766 1558 scribae
1812 1519 1864 1557 Et
1884 1519 1988 1557 duxe

1561 1589 1650 1621 runt
1669 1582 1776 1620 illum
1795 1582 1834 1620 in
1854 1594 1930 1620 con

1564 1670 1693 1710 cilium
1713 1682 1825 1708 suum
1842 1691 1850 1700 ·
1894 1669 1946 1708 Et
1965 1669 2005 1707 in

1564 1734 1812 1784 terrogabant
1831 1745 1923 1771 eum

1566 1796 1737 1836 dicentes
1757 1796 1788 1834 si
1808 1802 1849 1834 tu
1868 1807 1911 1834 es

1565 1862 1640 1909 xps
1660 1859 1721 1897 dic
1741 1859 1854 1897 nobis
1869 1880 1878 1889 -
1921 1858 2008 1896 ⁶⁷Et

1567 1922 1659 1960 dixit
1678 1921 1749 1960 illis
1765 1942 1774 1951 ·
1819 1921 1849 1959 si
1868 1921 1980 1959 uobis

1566 1985 1701 2023 dixero
1720 1996 1802 2022 non
1821 1983 1935 2022 crede

1566 2047 1614 2086 tis
1631 2068 1639 2077 -
1683 2047 1712 2068 ⁶⁸
1726 2046 1766 2084 Si
1786 2046 1982 2097 interroga

1566 2121 1660 2148 uero
1679 2122 1760 2148 non
1779 2121 1924 2160 respon

1567 2173 1663 2211 detis
1683 2172 1778 2210 mihi
1797 2183 1924 2223 neque

1567 2235 1761 2273 dimittetis
1778 2255 1786 2264 ·
1803 2255 1810 2264 ·
1827 2256 1882 2262 -—

1565 2297 1593 2318 ⁶⁹
1607 2296 1669 2334 Ex
1688 2297 1763 2336 hoc
1784 2302 1912 2335 autem
1932 2295 2000 2335 erit

1566 2359 1666 2397 filius
1685 2359 1855 2397 hominis

1566 2422 1704 2460 sedens
1727 2421 1777 2459 ad
1796 2420 1938 2459 dextris

1566 2483 1712 2522 uirtutis
1732 2483 1791 2522 di·
1836 2482 1866 2504 ⁷⁰
1876 2482 1926 2520 Et
1946 2482 2011 2520 dix

1566 2553 1677 2585 erunt
1696 2557 1833 2585 omnes

1565 2615 1607 2647 tu
1626 2621 1700 2659 ego
1720 2621 1761 2647 es
1781 2608 1879 2646 filius

1567 2671 1607 2710 di
1623 2692 1631 2701 ·
1674 2671 1740 2709 Ait
1759 2677 1889 2709 autem
1908 2670 1979 2709 illis

1565 2746 1637 2773 uos
1659 2734 1781 2772 dicitis
1800 2732 1907 2784 quod

1566 2809 1641 2847 ego
1661 2809 1747 2835 sum
1761 2817 1770 2826 ·
1813 2795 1841 2818 ⁷¹
1854 2796 1906 2834 At
1925 2795 1976 2833 illi

1566 2860 1740 2898 dixerunt
1759 2858 1852 2910 quid

1567 2922 1692 2961 adhuc
1713 2921 1975 2961 desideramus

2067 1267 2236 1318 profetas
2250 1288 2259 1298 ·
2300 1268 2352 1306 Et
2370 1279 2444 1318 pro

2065 1330 2263 1368 hibentem
2282 1330 2383 1369 tribu

2066 1398 2105 1430 ta
2125 1392 2206 1431 dari
2227 1392 2373 1431 caesari
2389 1413 2398 1423 ·

2066 1454 2119 1493 Et
2138 1455 2332 1494 dicentem
2351 1468 2392 1494 se
2411 1458 2510 1506 xpm

2065 1530 2199 1568 regern
2217 1530 2301 1557 esse
2310 1539 2349 1548 --

2067 1580 2230 1619 ⁸Pilatus
2245 1587 2374 1619 autem

2067 1667 2227 1706 audiens
2247 1668 2391 1706 interro

2069 1731 2173 1781 gauit
2191 1742 2282 1768 eum
2303 1730 2436 1768 dicens
2453 1751 2499 1759 —

2068 1799 2110 1831 tu
2130 1805 2171 1831 es
2191 1805 2257 1832 rex
2276 1793 2436 1832 iudeori’i
2452 1814 2462 1824 ·

2070 1862 2109 1894 at
2127 1856 2188 1894 ille
2209 1856 2452 1906 respondens

2070 1919 2123 1957 ait
2136 1939 2144 1948 ·
2179 1925 2220 1957 tu
2239 1918 2334 1957 dicis
2348 1939 2356 1948 -
2386 1917 2470 1968 ‘Ait
2489 1931 2540 1958 au

2071 1988 2150 2020 tem
2169 1981 2304 2031 pilatus
2323 1981 2372 2019 ad
2391 1970 2467 2032 pin

2071 2044 2176 2094 cipes
2195 2043 2398 2082 sacerdoti-1

2071 2113 2110 2145 et
2132 2107 2261 2145 turbas
2278 2127 2287 2137 ·
2330 2106 2424 2144 nihil
2442 2104 2480 2134 ¹11
2538 2134 2546 2137 a

2071 2170 2188 2209 uenio
2208 2181 2326 2208 causa
2345 2170 2385 2207 in
2403 2169 2479 2208 hoc

2071 2231 2228 2270 homine
2245 2251 2254 2261 ·
2298 2232 2312 2253 ⁶
2325 2232 2378 2269 At
2397 2231 2447 2269 illi
2466 2231 2507 2269 in

2070 2294 2318 2332 ualescebant
2337 2294 2449 2332 dicen

2070 2363 2128 2395 tes
2142 2377 2151 2386 ·
2192 2356 2426 2395 Commouet
2444 2369 2497 2407 po

2070 2419 2202 2470 pulum
2222 2431 2291 2469 per
2309 2420 2445 2458 uniuer

2070 2493 2154 2520 sam
2173 2481 2326 2519 iudeam
2342 2502 2351 2511 ·
2395 2481 2473 2520 inci

2070 2544 2180 2595 piens
2199 2556 2222 2582 a
2241 2544 2380 2594 galilea
2399 2556 2489 2595 usqi

2069 2607 2144 2645 huc
2161 2627 2171 2637 ·
2215 2607 2229 2628 ⁶
2241 2607 2381 2657 pilatus
2400 2610 2489 2646 aute

2069 2669 2229 2707 audiens
2248 2669 2427 2719 galileam
2441 2690 2450 2700 ·

2070 2731 2326 2782 Interrogauit
2346 2733 2377 2770 si
2396 2744 2420 2770 a
2437 2744 2489 2783 ga

2067 2794 2155 2833 lilea
2170 2794 2290 2833 homo
2308 2800 2410 2832 esset
2423 2815 2431 2824 ·

2068 2857 2083 2879 ⁷
2096 2863 2133 2895 et
2158 2863 2200 2895 ut
2223 2857 2408 2907 cognouit
2426 2857 2527 2906 qu⁰d

2069 2918 2117 2959 de
2137 2918 2292 2958 herodis
2312 2925 2463 2969 potesta
