2872 3268
314 191 407 226 XIV.
423 189 568 234 25-51.]

115 297 198 331 1¹01-
213 298 298 331 106.
316 311 364 338 co
379 299 493 338 uobis
512 298 620 349 quod

315 362 394 400 iam
413 374 494 401 non
513 363 646 400 bibam

315 425 364 464 de
383 426 635 476 generatione

314 488 404 526 uitis
423 499 571 538 usquae
592 488 633 525 in

316 550 420 588 diem
438 550 546 588 illurn
565 562 656 588 cum

316 613 411 652 illud
429 614 562 652 bibam
580 613 620 651 in
639 619 704 663 reg

315 689 370 715 no
391 677 430 714 di
443 698 451 707 ·
470 698 478 707 ·
519 674 548 697 ²⁶
559 683 598 715 et
617 676 769 727 hymno

316 739 421 779 dicto
440 740 616 778 exierunt

315 803 356 841 in
375 808 549 841 montem
568 802 670 840 oliue

316 865 368 904 ti·
425 865 455 888 ²⁷
469 865 521 903 Et
540 865 594 903 ait
612 864 684 903 illis
703 863 764 903 ihs

317 927 420 975 Quia
439 938 577 965 omnes
595 938 668 965 uos

317 990 544 1029 scandalum
571 989 674 1039 patie

317 1052 411 1091 mini
424 1073 433 1082 ·
490 1052 680 1102 quoniam

317 1114 503 1165 scriptum
522 1121 581 1152 est
599 1126 670 1164 per

316 1177 460 1216 cutiam
479 1180 634 1227 pastore

316 1246 355 1278 et
373 1251 468 1278 oues
488 1239 698 1289 dispargen

316 1309 400 1341 tur·
419 1323 427 1332 ·
485 1299 514 1322 ²⁸
527 1301 604 1340 Sed
623 1306 713 1352 post

316 1377 435 1415 quam
454 1376 626 1403 resurrex
711 1362 714 1365 ’

317 1439 385 1468 ero
403 1427 638 1478 praecedam

317 1527 391 1555 uos
414 1516 454 1555 in
472 1516 653 1568 galileam
666 1539 720 1543 —

316 1580 347 1603 ²⁹
359 1579 493 1619 Petrus
513 1586 641 1618 autem
661 1579 713 1618 ait
731 1579 767 1618 ei

318 1649 357 1681 et
376 1642 407 1681 si
426 1653 564 1681 omnes
585 1654 679 1681 scan

318 1705 470 1744 dalizati
490 1705 627 1743 fuerint

319 1768 389 1807 sed
407 1780 484 1818 ego
505 1780 587 1807 non
607 1779 702 1807 scan

318 1830 515 1870 dalizabor
529 1852 538 1861 ·
596 1830 625 1852 ⁸⁰
638 1830 711 1869 Cui

318 1888 415 1933 dixit
433 1894 493 1933 ihs
512 1905 627 1933 amen
648 1893 686 1931 di

318 1969 368 1997 co
386 1957 455 1995 tibi
510 1957 616 2007 quod
635 1956 709 1995 hac

318 2026 433 2059 nocte
453 2026 663 2070 antequam

317 2083 379 2122 bis
396 2082 520 2133 gallus
539 2088 669 2121 cantet

318 2151 376 2184 ter
394 2157 457 2183 me
476 2157 518 2183 es
537 2150 681 2195 negatu

318 2219 382 2246 rus
397 2229 405 2238 ·
422 2229 431 2238 ·
461 2206 490 2229 ³²
502 2214 634 2258 petrus
652 2219 702 2245 au

318 2277 426 2310 utem
445 2270 657 2310 abundanti

318 2345 365 2371 us
385 2333 635 2383 loquebatur·

319 2395 372 2434 Et
390 2395 422 2434 si
441 2396 653 2446 oportuerit

319 2470 384 2496 me
404 2458 517 2496 simul
536 2469 695 2497 commo

253 2571 261 2579 ·
318 2520 388 2558 rire
407 2526 537 2559 tecum
556 2532 638 2558 non

319 2589 357 2622 te
376 2583 532 2633 negabo
553 2582 666 2621 simili

319 2651 378 2684 ter
397 2651 527 2685 autem
546 2651 584 2684 et
602 2656 742 2684 omnes

1197 186 1400 228 MARC·
1417 207 1426 218 ·

821 299 1000 338 dixerunt
1015 316 1124 333 mm

785 360 804 382 *
819 361 848 384 ³²
862 362 913 401 Et
931 363 1092 401 ueniunt
1111 364 1152 402 in
1172 356 1240 414 pre

785 425 807 446 ἥ
819 425 927 464 dium
947 426 1053 476 quod
1074 426 1150 465 dici

786 486 880 528 *tur
898 490 1122 538 gessemani
1139 510 1146 519 -

818 550 869 589 Et
888 551 941 590 ait
956 552 1152 602 discipulis

819 614 897 653 suis
954 615 1085 653 sedete
1105 614 1169 654 hic
1188 615 1240 654 do

818 689 891 715 nec
910 689 1019 716 orem
1035 698 1044 707 ·
1101 677 1129 699 ⁸³
1142 677 1191 716 Et
1210 677 1261 717 ad

820 740 937 778 sumit
956 747 1107 790 petrum
1127 746 1165 779 et

819 802 1004 841 iacobum
1023 809 1062 841 et
1080 803 1198 842 iohan

816 876 908 902 nem
931 877 1085 903 secum·
1114 865 1165 904 Et
1184 877 1253 904 coe

817 927 874 978 pit
892 927 1025 977 paueri
1043 933 1081 965 et
1100 928 1179 966 tedi

818 990 872 1028 ari
927 989 957 1010 ⁸⁴
968 990 1020 1028 Et
1040 990 1091 1028 ait
1110 991 1183 1028 illis
1202 991 1270 1029 tris

819 1052 867 1090 tis
887 1058 945 1090 est
966 1053 1097 1091 anima
1117 1065 1206 1091 mea

819 1126 966 1164 usquae
987 1114 1037 1153 ad
1057 1121 1222 1154 mortem

821 1178 1004 1216 sustinete
1024 1176 1087 1216 hic
1135 1185 1174 1217 et
1193 1178 1232 1215 ui

819 1240 934 1290 gilate
954 1251 1109 1278 mecum
1122 1261 1130 1270 ·
1178 1241 1207 1261 ³⁵
1219 1241 1270 1279 Et

821 1315 910 1341 cum
930 1303 1166 1352 procesisset

820 1365 1017 1416 paululum
1031 1386 1039 1395 ·
1097 1366 1207 1417 proci

822 1429 875 1467 dit
895 1429 934 1466 in
954 1428 1092 1467 faciem
1113 1441 1229 1479 super

821 1522 962 1554 terram
982 1522 1020 1554 et
1040 1516 1178 1554 orabat
1194 1537 1203 1546 ·

821 1579 852 1617 si
873 1578 954 1617 fieri
977 1586 1106 1628 potest
1152 1585 1195 1618 ut

820 1642 997 1680 transiret
1016 1643 1065 1679 ab
1084 1653 1133 1680 eo

820 1704 916 1743 hora
934 1704 1006 1742 hec
1063 1705 1091 1726 ³⁶
1104 1705 1156 1742 Et
1175 1704 1260 1743 dice

821 1768 888 1805 bat
907 1768 1008 1812 abba
1028 1773 1136 1817 pater

820 1830 953 1868 omnia
981 1830 1176 1880 possibilia

820 1892 888 1930 tibi
913 1899 1001 1930 sunt
1014 1913 1023 1922 ·
1081 1898 1186 1931 trans

821 1954 877 1993 fer
896 1955 1000 1993 hune
1019 1955 1181 1993 calicem

820 2030 844 2056 a
863 2030 947 2056 me·
981 2017 1058 2055 Sed
1072 2029 1153 2056 non
1169 2016 1276 2067 quod

821 2093 896 2131 ego
915 2080 1007 2119 uolo
1027 2081 1097 2119 sed
1115 2080 1222 2130 quod

819 2150 860 2182 tu
874 2143 932 2182 uis
950 2165 958 2173 -
989 2143 1016 2164 ⁸⁷
1029 2143 1080 2181 Et
1094 2143 1168 2182 hoc
1185 2154 1275 2181 cum

819 2206 979 2245 dixisset
1001 2206 1108 2244 uenit
1163 2212 1200 2245 et

819 2269 968 2307 inuenit
987 2280 1055 2307 eos
1076 2268 1147 2307 dor

819 2331 984 2370 inientes
1000 2353 1008 2361 ·
1065 2331 1117 2369 Et
1136 2331 1187 2369 ait

821 2400 932 2445 petro
952 2394 1079 2432 simon
1099 2393 1170 2432 dor

822 2457 896 2495 mis
910 2479 918 2487 ·
976 2468 1059 2496 non
1077 2456 1205 2506 potuis

822 2520 851 2558 ti
870 2531 950 2558 una
968 2519 1066 2557 hora
1083 2519 1201 2568 uigila

822 2594 863 2620 re
882 2593 1038 2620 mecum
1051 2602 1060 2611 ·
1117 2581 1234 2631 88uigi

823 2644 898 2683 late
918 2650 956 2683 et
975 2650 1083 2683 orate
1102 2649 1144 2682 ut
1162 2655 1244 2682 non

1350 302 1515 340 ueniatis
1534 302 1576 341 in
1597 308 1678 341 tem

1352 365 1542 404 tationem
1589 369 1656 415 sps

1352 427 1511 478 quidem
1531 435 1709 479 promtus

1351 502 1444 529 earo
1465 498 1595 529 autem
1613 491 1700 529 infir

1351 565 1417 591 ma
1433 574 1441 583 =
1498 553 1527 575 ⁸⁹
1539 554 1591 592 Et
1610 554 1750 592 iterum

1352 616 1445 654 abiit
1465 628 1575 655 orare
1595 629 1671 655 eun

1353 678 1443 717 dem
1463 691 1683 718 sermonem

1353 741 1485 780 dicens
1503 763 1511 772 ·
1568 741 1598 763 ⁴⁰
1612 742 1663 781 Et
1681 742 1773 781 ueni

1352 815 1422 842 ens
1440 804 1587 842 inuenit
1605 816 1674 843 eos

1352 867 1488 904 iterum
1508 866 1633 906 dormi

1352 935 1462 967 entes
1478 950 1487 959 ·
1546 936 1656 968 erant

1352 991 1457 1029 enim
1476 992 1579 1030 oculi
1598 996 1695 1030 eorfi

1351 1054 1499 1103 grauati
1523 1067 1546 1092 a
1567 1066 1709 1093 somno

1352 1115 1406 1154 Et
1422 1116 1656 1165 ignorabant

1352 1178 1443 1228 quid
1462 1179 1654 1229 responde

1351 1247 1435 1278 rent
1454 1241 1511 1279 ei·
1568 1241 1597 1262 ‘¹¹
1608 1241 1660 1279 Et
1679 1241 1786 1279 uenit

1351 1303 1461 1341 tertio
1480 1309 1517 1341 et
1537 1303 1588 1341 ait
1607 1303 1680 1342 illis

1352 1365 1514 1404 dormite
1534 1366 1612 1404 iam
1633 1373 1669 1404 et
1689 1378 1730 1404 re

1351 1428 1532 1478 quiescite
1587 1429 1672 1467 suffi

1352 1516 1404 1554 cit
1423 1516 1509 1554 finis
1528 1523 1567 1555 et
1586 1516 1723 1555 hora-

1351 1578 1458 1617 Ecce
1478 1579 1637 1617 traditur
1656 1580 1708 1618 fili

1351 1653 1397 1680 us
1417 1641 1584 1680 hominis
1602 1642 1643 1679 in
1662 1654 1728 1681 ma

1352 1715 1425 1741 nus
1443 1710 1694 1753 peccatorum

1351 1763 1382 1787 ¹²
1394 1766 1538 1815 surgite
1559 1778 1694 1805 eamus

1351 1828 1455 1867 Ecce
1475 1829 1746 1879 adpropinqua

1351 1892 1404 1930 uit
1424 1891 1489 1942 qui
1509 1904 1571 1930 me
1590 1892 1712 1930 tradet

1350 1954 1380 1975 ⁴³
1394 1954 1546 1993 Etcum
1559 1955 1686 1993 adhuc
1700 1954 1818 2006 loque

1350 2023 1453 2055 retur
1466 2038 1475 2048 -
1531 2016 1651 2055 Uenit
1670 2017 1710 2055 iu

1351 2079 1421 2118 das
1441 2078 1609 2118 scarioth
1628 2092 1728 2118 unus

1351 2142 1399 2181 de
1420 2142 1626 2181 duodecim
1641 2163 1651 2172 ·
1706 2142 1758 2181 Et

1351 2217 1442 2244 curn
1461 2216 1510 2243 eo
1530 2206 1642 2243 turba
1662 2217 1752 2243 cum

1351 2267 1488 2319 gladiis
1508 2274 1546 2306 et
1565 2267 1731 2306 fustibus

1351 2331 1390 2369 A
1409 2330 1645 2381 principibus
1665 2342 1773 2369 sacer

1352 2393 1491 2432 dotum
1513 2400 1550 2432 et
1572 2393 1705 2432 scribis

1352 2463 1391 2495 et
1410 2456 1627 2495 senioribus
1645 2476 1684 2485 ·-

1351 2519 1381 2541 ⁴⁴
1396 2519 1568 2557 Dederat
1587 2524 1715 2557 autem
1735 2517 1800 2568 qui

1352 2593 1442 2620 eum
1461 2582 1664 2620 traditurus

1351 2650 1432 2683 crat
1452 2644 1605 2695 signum
1626 2643 1758 2682 dicens

2241 203 2321 248 133

1853 302 2001 343 Dicens
2018 324 2027 334 ·
2084 310 2252 355 quemcfi

1854 378 1930 417 que
1950 367 2150 406 osculatus
2170 368 2211 407 fu

1854 441 1921 467 ero
1977 430 2062 480 ipse
2081 437 2140 469 est
2159 437 2198 470 te

1854 498 1944 530 nete
1964 504 2055 530 eum
2074 500 2111 530 et
2131 493 2236 532 abdu

1854 555 1928 592 cite
1949 555 2155 605 diligenter
2170 577 2179 586 ·

1853 617 1883 638 ⁴⁵
1894 617 1946 656 Et
1965 630 2056 656 cum
2076 619 2305 658 accessisset

1854 680 1905 719 ait
1924 680 1977 718 illi
1995 681 2105 719 rabbi
2148 688 2187 720 et

1853 743 2050 781 osculatus
2068 751 2127 783 est
2145 748 2194 783 εὖ

1852 805 1881 827 4⁶
1896 805 2012 844 Tunc
2031 805 2084 844 illi
2102 819 2242 846 manus
2262 807 2297 846 ei

1852 867 2063 907 iniecerunt
2109 876 2147 908 et
2166 875 2204 908 te

1853 937 2019 969 nuerunt
2038 943 2129 969 eum
2146 953 2154 962 ·

1853 1005 1955 1031 unus
1975 993 2024 1031 de
2044 994 2192 1033 circum

1856 1055 2049 1095 stantibus
2069 1068 2185 1095 exem

1853 1123 1894 1156 to
1914 1117 2044 1168 gladio
2065 1131 2205 1169 percus

1852 1180 1901 1219 sit
1921 1192 2048 1219 serum
2068 1181 2193 1230 princi

1852 1243 1912 1293 pis
1933 1243 2176 1281 sacerdotum

1852 1304 1902 1343 Et
1921 1307 2136 1355 amputauit
2154 1306 2206 1344 illi
2226 1319 2276 1345 au

1851 1367 2013 1405 riculam
2026 1388 2035 1398 ·
2092 1368 2120 1388 4⁸
2132 1368 2191 1407 ihs
2211 1381 2260 1408 au

1852 1435 1931 1468 tem
1951 1430 2002 1468 ait
2021 1430 2093 1469 illis
2147 1437 2229 1470 tarn

2211 932 2242 954 47
2254 932 2305 970 Et

1853 1529 1971 1568 quam
1991 1517 2041 1555 ad
2059 1517 2209 1556 latrone

1852 1579 1984 1618 existis
2004 1592 2096 1618 cum
2114 1580 2180 1630 gla

1853 1642 1926 1680 diis
1946 1648 1984 1680 et
2004 1642 2168 1681 fustibus

1853 1704 2131 1754 conprehende

1852 1779 1893 1804 re
1913 1779 1976 1805 me
2031 1767 2060 1787 ‘²⁹
2073 1768 2230 1807 cottidie

1854 1841 1961 1868 eram
1981 1830 2086 1880 apud
2104 1842 2175 1869 uos

1852 1891 1998 1930 docens
2017 1892 2058 1929 in
2077 1898 2157 1930 tem

1852 1954 1918 2004 plo
1938 1960 1976 1992 et
1994 1966 2075 1992 non
2094 1961 2186 1992 tenu

1851 2016 1933 2055 istis
1952 2029 2014 2054 me
2028 2037 2037 2046 ·
2095 2017 2164 2055 sed
2183 2024 2225 2056 ut

1854 2079 2081 2129 impleantur
2100 2079 2200 2130 scrip

1856 2148 1961 2180 turae
1976 2162 1984 2171 ·
2001 2162 2009 2172 ·
2051 2141 2081 2162 ⁵⁰
2093 2141 2145 2180 Et
2165 2142 2261 2181 relin

1855 2211 2017 2255 quentes
2038 2215 2129 2242 eum

1855 2278 1994 2305 omnes
2014 2265 2193 2316 fugerunt

1855 2329 1884 2350 ⁶¹
1895 2329 2136 2367 Adulescens
2158 2332 2246 2367 aute

1855 2391 2012 2442 quidam
2033 2403 2151 2441 seque

1854 2455 1966 2492 batur
1983 2465 2072 2491 eum
2091 2453 2192 2493 amic

1853 2523 1914 2555 tus
1934 2516 2099 2554 sindone
2119 2528 2181 2569 su*

1853 2591 1923 2630 pra
1941 2578 2091 2617 nudum
2110 2578 2162 2617 Et

1852 2647 2056 2680 tenuerunt
2075 2653 2166 2679 eum

2340 308 2424 340 1¹01.
2440 310 2521 343 197.
