2872 3268
85 329 168 363 rol.
180 330 262 362 155.

294 216 424 250 xxm.
443 222 511 258 7-2
519 213 567 257 3.]

295 331 354 364 est
367 347 376 356 ·
419 326 524 364 misit
543 325 652 363 illum

295 388 345 426 ad
364 388 550 426 herodem
567 409 575 418 ·
618 387 684 437 qui

294 450 336 489 in
355 450 627 500 hierosolymis

295 520 374 552 erat
387 514 427 550 in
441 513 500 550 ilis
516 513 652 551 diebus
665 531 695 540 -

294 575 308 596 ⁸
321 575 503 614 Herodes
523 581 653 613 autem
672 574 712 612 ui

296 650 341 677 so
360 637 426 675 ihu
444 637 619 688 gauissus
638 643 696 675 est

296 700 408 738 ualde
423 721 432 730 ·
468 694 559 738 “erat
577 704 641 738 eni

295 763 458 813 cupiens
476 762 583 800 illum
601 762 641 800 ui

298 824 389 863 dere
409 837 458 862 ex
477 824 600 862 multo
620 830 699 862 tem

296 899 392 939 pore
432 900 481 926 eo
500 886 605 938 quod
626 886 737 925 audie

297 955 356 988 ret
375 949 495 988 multa
515 949 562 988 de
582 949 646 988 illo
662 970 671 979 ·

283 1050 287 1055 ,
298 1011 350 1050 Et
370 1012 549 1062 sperabat
569 1011 682 1061 signi-1

299 1074 458 1125 aliquod
478 1074 608 1112 uidere
628 1075 679 1112 ab

299 1149 348 1175 eo
369 1137 451 1175 fieri
465 1157 474 1166 ·
503 1137 518 1158 ⁹
531 1136 684 1175 Interro

298 1200 417 1250 gabat
436 1211 526 1237 eum
545 1199 673 1237 multis

300 1262 544 1301 sermonibus
561 1283 570 1292 ·
614 1262 667 1299 At

298 1325 382 1375 ipse
402 1325 495 1362 nihil
514 1336 658 1375 respon

300 1387 418 1426 debat
434 1408 443 1418 ·
473 1387 502 1408 ¹⁰
518 1387 681 1426 Stabant

299 1450 417 1489 etiam
437 1450 633 1501 principes

300 1513 549 1552 sacerdotum
569 1518 607 1551 et

301 1576 426 1615 scribe
446 1581 671 1614 constanter

301 1669 530 1702 accusantes
550 1675 640 1702 eum

301 1724 330 1747 ¹¹
344 1725 495 1776 Spreuit
515 1731 644 1764 autem
663 1724 689 1763 il

301 1788 382 1827 lum
402 1788 565 1827 herodes
586 1792 635 1827 cii

301 1851 471 1904 exercito
495 1863 567 1889 suo
581 1871 590 1881 ·
620 1857 658 1890 et

301 1913 431 1952 inlusit
447 1934 456 1943 -
487 1919 524 1952 et
546 1914 641 1952 indu

302 1982 386 2015 tum
405 1975 513 2014 illum
535 1982 643 2014 ueste

302 2038 391 2077 alba
432 2039 578 2077 remisit
597 2039 662 2077 illu

304 2101 354 2139 ad
377 2100 541 2151 pilatum
555 2121 564 2131 ·

303 2162 335 2184 ¹²
348 2164 463 2203 Tunc
483 2164 596 2202 amici
615 2163 706 2203 facti

304 2233 396 2266 sunt
415 2226 581 2266 herodes
601 2234 638 2266 et

304 2289 444 2340 pilatus
464 2289 548 2340 ipsa
561 2290 621 2328 die
639 2310 647 2319 ·

305 2351 411 2390 Nam
430 2358 519 2390 ante
538 2352 682 2391 inimici

305 2414 458 2452 fuerunt
479 2415 530 2453 ad
549 2416 675 2454 inuice
693 2436 703 2445 ·

306 2475 336 2498 ¹³
348 2476 494 2516 Pilatus
515 2484 644 2516 autem
665 2490 740 2516 con

306 2540 456 2578 uocatis
475 2540 599 2589 princi

307 2613 377 2652 pes
397 2602 600 2640 sacerdoti]

308 2670 346 2702 et
365 2664 651 2713 magistratibus

308 2725 337 2746 ¹⁴
349 2725 443 2764 dixit
463 2726 513 2764 ad
533 2726 616 2764 illos
636 2738 688 2776 op

308 2788 445 2827 tulistis
465 2788 560 2826 mihi
579 2788 684 2827 hunc

308 2850 509 2889 hominem
527 2871 536 2881 ·
578 2851 689 2901 quasi

310 2916 506 2952 auertente
526 2914 677 2964 populu

1181 203 1418 244 LUCAN-

793 323 845 362 Et
863 335 956 363 ecce
976 334 1051 374 ego
1072 334 1204 362 coram

793 387 907 425 uobis
926 387 1069 425 interro

795 462 892 500 gans
912 449 1057 487 nullam
1077 461 1151 487 cau

796 524 880 550 sam
900 512 1057 550 inuenio
1078 512 1119 549 in

796 574 871 612 hoc
891 574 1047 613 homine
1066 574 1129 612 Ex

798 637 829 675 is
849 638 988 687 quibus
1011 649 1100 675 eum
1121 648 1167 675 ac

799 700 940 738 cusatis
981 697 1011 720 ¹⁵
1024 700 1092 738 sed
1113 711 1162 737 ne

799 774 875 813 que
894 761 1060 800 herodes

799 831 883 863 nam
902 825 988 862 misi
1006 836 1078 863 uos
1098 824 1147 862 ad
1167 824 1192 862 il

799 886 880 924 lum
922 894 960 925 et
979 899 1069 925 ecce
1090 887 1183 924 nihil

799 949 961 999 dignum
980 955 1103 988 morte

800 1018 930 1050 actum
949 1012 1108 1050 estilli-

800 1074 830 1095 ¹⁶
844 1074 1076 1113 Emendabo
1096 1081 1226 1113 autern

800 1137 907 1175 illum
926 1144 964 1176 et
982 1137 1170 1176 dimitta-

802 1199 831 1221 ¹⁷
844 1199 1124 1239 Necessitatem
1144 1203 1231 1239 aute

802 1262 971 1300 habebat
990 1275 1060 1312 per
1080 1263 1142 1301 die

803 1324 941 1363 festum
958 1325 1104 1363 dimitte

739 1429 742 1432 ,
803 1400 844 1426 re
861 1387 929 1425 illis
948 1400 1070 1426 unum
1089 1388 1178 1426 uinc

805 1457 887 1488 tum
901 1471 910 1480 ·
941 1450 968 1471 ¹⁸
980 1451 1170 1488 Exclama

804 1513 859 1551 uit
879 1519 1008 1551 autem
1031 1513 1143 1551 simul

803 1576 983 1613 uniuersa
998 1576 1109 1614 turba

804 1663 939 1701 dicens
956 1684 964 1693 ·
1004 1663 1095 1702 tolle
1111 1663 1216 1703 hunc

803 1732 841 1764 et
860 1726 1007 1764 dimitte
1026 1727 1140 1764 nobis
1163 1727 1232 1764 bar

804 1788 933 1827 abban
949 1809 958 1818 ·
988 1788 1017 1810 ¹⁹
1029 1789 1094 1839 qui
1113 1796 1193 1828 erat

804 1857 963 1902 propter
982 1851 1167 1890 seditione

805 1914 1002 1963 quandam
1024 1914 1167 1952 factam

806 1976 846 2013 in
865 1976 1016 2015 ciuitate
1063 1983 1102 2015 et
1121 1977 1227 2015 homi

807 2038 950 2077 cidium
990 2039 1131 2078 missus
1150 2040 1191 2077 in

807 2113 960 2140 carcere
978 2123 986 2131 ·
1006 2123 1013 2132 ·
1033 2123 1041 2132 ·
1071 2100 1101 2122 ²⁰
1114 2102 1247 2140 Iteru-

807 2170 937 2202 autem
956 2164 1092 2214 pilatus
1111 2165 1201 2203 locu

807 2233 869 2265 tus
889 2233 949 2265 est
968 2227 1018 2265 ad
1038 2227 1122 2266 illos
1166 2239 1218 2265 uo

807 2289 891 2328 lens
912 2290 1100 2328 dimittere
1121 2290 1201 2328 ihm
1217 2311 1226 2320 ·

807 2349 889 2390 21Αῐ
903 2353 954 2390 illi
970 2353 1263 2391 subclamabant

807 2414 977 2454 dicentes
1017 2415 1208 2466 crucefige

807 2477 1001 2527 crucefige
1021 2478 1127 2515 illum
1143 2499 1151 2508 ·
1165 2501 1194 2507 -

807 2538 837 2559 ²²
849 2540 917 2577 Ille
930 2546 1060 2578 autem
1073 2541 1184 2579 tertio
1199 2541 1263 2579 dix

807 2602 835 2640 it
854 2603 904 2640 ad
923 2603 1008 2641 illos
1046 2603 1139 2652 quid
1158 2607 1222 2641 eni

809 2665 909 2703 male
929 2664 1018 2702 fecit
1037 2665 1106 2704 iste
1148 2666 1216 2703 nul

809 2726 887 2764 lam
907 2727 1010 2764 enirn
1030 2739 1189 2765 causam

811 2790 943 2827 mortis
963 2789 1119 2828 inuenio
1135 2789 1175 2827 in
1189 2802 1237 2829 eo
1251 2811 1259 2820 ·

812 2851 1029 2901 Corripiam
1047 2864 1141 2901 ergo
1159 2852 1223 2890 illfl

817 2921 855 2953 et
875 2914 1062 2953 dimittam
1075 2936 1083 2944 ·
1100 2935 1108 2946 ·
1121 2912 1205 2953 ²³At
1215 2915 1265 2953 illi

2227 211 2308 254 ¹09
