2872 3268
543 209 598 240 20
1407 202 1654 242 SECUND
1670 222 1680 233 ·
2215 207 2323 251 [xiv.
2337 211 2483 251 23-xv.
2500 211 2552 244 16.

356 321 438 353 ποι.
454 321 515 354 38.
545 319 626 352 tem
645 314 748 353 solus
767 326 875 353 orare
892 332 900 340 ·
1028 362 1031 364 ¹
1048 314 1240 354 Clamauit
1258 315 1391 354 dicens
1583 315 1807 366 grediuntur
1821 333 1828 342 ·
1843 322 1901 354 tra

2086 327 2154 355 COI'
2173 322 2302 354 autem
2321 328 2456 355 eorum
2569 319 2653 356 1¹01,
2670 318 2732 349 89.

546 375 719 427 Uespere
740 384 868 415 autem
888 376 947 415 fac

546 445 587 478 to
608 439 711 478 solus
730 446 811 477 erat
830 440 881 476 ibi
897 457 904 464 -

546 503 576 524 ²⁴
589 501 781 540 Nauicula
800 508 928 539 autem

546 565 623 602 iam
643 564 681 602 in
701 564 830 601 medio
850 563 947 601 mari

547 627 758 665 iactabatur
777 625 881 663 fiucti

547 690 621 728 bus
634 706 642 714 ·
673 694 752 726 erat
771 688 875 725 enim

548 751 620 789 illis
640 756 780 788 uentus
799 761 875 788 con

549 813 683 852 trarius
722 810 752 833 ²⁵
763 824 858 862 quar

548 882 588 914 ta
607 882 735 913 autem
754 874 881 924 uigilia

551 937 675 977 noctis
694 937 802 975 uenit
820 936 871 975 ad

550 1015 618 1042 eos
638 1001 841 1041 ambulans
862 1014 907 1041 su

550 1078 618 1117 per
637 1077 744 1103 mare
760 1085 768 1094 ·
798 1063 827 1086 ²⁶
838 1065 877 1103 ui

550 1129 686 1167 dentes
705 1134 834 1166 autem
853 1128 917 1166 illfi

551 1203 668 1241 supra
686 1202 792 1228 mare
812 1203 877 1229 am

551 1253 750 1292 bulantem
769 1259 830 1291 tur

551 1316 632 1355 bati
652 1322 741 1354 sunt
759 1315 874 1355 dicen

551 1386 610 1417 tes
629 1378 721 1429 quia
739 1378 866 1417 santas

551 1453 619 1480 ma
638 1447 718 1480 est·
749 1447 786 1479 et
805 1453 828 1479 a
847 1441 875 1479 ti

553 1515 663 1542 more
682 1503 911 1543 exclamaue

554 1597 645 1630 runt
659 1609 667 1618 ·
696 1590 726 1613 ²⁷
738 1591 874 1630 Statim

556 1654 711 1693 locutus
730 1660 788 1692 est
806 1654 878 1693 illis

554 1716 614 1755 ihs
637 1717 795 1757 dicens·
826 1729 904 1756 con

555 1786 700 1818 stantes
719 1785 841 1818 estote

555 1854 631 1892 ego
655 1854 743 1880 sum
767 1842 885 1881 nolite
903 1841 932 1880 ti

554 1917 682 1943 mere·
713 1902 741 1924 ²⁸
755 1904 919 1955 Respon

554 1967 651 2006 dens
670 1975 800 2006 autem
819 1968 854 2006 ei
873 1979 924 2018 pe

555 2036 637 2069 trus
656 2030 773 2068 dixit·
803 2030 879 2069 dfie

557 2092 590 2131 si
610 2099 652 2131 tu
670 2105 712 2131 es
732 2093 821 2131 iube
840 2105 904 2131 me
924 2104 974 2131 ue

557 2155 638 2193 nire
658 2167 682 2194 a
700 2162 739 2194 te
759 2167 873 2205 super
892 2167 916 2193 a

559 2230 679 2268 quam
693 2236 701 2244 ·
731 2216 760 2239 ²⁹
772 2219 825 2256 At
843 2218 927 2268 ipse

559 2282 610 2320 ait
628 2281 680 2319 illi
699 2281 812 2320 ueni·
842 2280 895 2319 Et
913 2280 983 2319 des

560 2343 733 2382 cendens
753 2350 885 2394 petrus

560 2406 609 2445 de
629 2407 808 2445 nauicula
827 2418 891 2445 am

560 2469 718 2507 bulabat
737 2481 853 2519 super
872 2481 896 2507 a

562 2543 681 2582 quam
701 2538 742 2570 ut
760 2532 908 2570 ueniret

563 2594 614 2632 ad
634 2594 714 2632 ihm
728 2610 736 2619 ·
766 2593 797 2615 ⁸⁰
807 2594 944 2633 uidens

561 2667 655 2694 uero
674 2663 836 2695 uentum
855 2669 906 2695 ua

561 2717 681 2756 lidum
700 2719 842 2757 timuit·
872 2719 924 2758 Et

563 2791 653 2817 cum
672 2781 866 2832 coepisset
883 2794 966 2820 mer

921 2845 976 2894 gi(

1047 379 1122 416 dfie
1143 378 1248 416 salua
1267 390 1352 416 me·

1047 440 1074 461 ³¹
1087 447 1125 478 et
1145 441 1329 479 continuo
1348 440 1407 478 ihs

1048 503 1262 541 extendens
1283 507 1402 541 mam-1
1417 527 1426 536 ·

1049 565 1327 615 adpraehendit
1346 570 1395 606 εὖ

1050 634 1088 666 et
1106 628 1158 666 ait
1181 627 1233 666 illi
1249 644 1257 653 ·
1285 628 1394 667 modi

1051 703 1096 729 ce
1116 690 1206 729 fidei
1225 703 1344 741 quare
1364 691 1416 730 du

1050 753 1178 791 bitasti
1191 771 1199 779 ·
1230 752 1258 774 ⁸²
1269 753 1321 792 Et
1339 766 1430 793 cum

1051 816 1290 855 ascendisset
1308 816 1348 855 in
1368 829 1419 855 na

1050 878 1219 917 uiculam
1238 879 1407 918 cessauit

1051 947 1214 980 uentus·
1245 941 1274 962 ³³
1286 941 1351 992 qui
1370 945 1460 980 aute

1052 1003 1093 1040 in
1112 1003 1290 1042 nauicula
1308 1011 1417 1043 erant
1433 1021 1441 1030 ·

1053 1072 1245 1105 uenerunt
1263 1073 1301 1105 et
1320 1067 1397 1105 ado

1052 1134 1233 1167 rauerunt
1251 1141 1342 1167 eum
1361 1129 1400 1167 di

1053 1197 1188 1230 centes
1238 1205 1330 1231 uere
1349 1192 1376 1231 fi

1054 1253 1129 1293 lius
1149 1255 1188 1293 di
1206 1267 1249 1293 es
1266 1273 1273 1281 ·
1292 1273 1368 1294 aas.

1023 1314 1043 1338 *
1056 1316 1086 1338 ⁸⁴
1096 1316 1148 1355 Et
1166 1330 1258 1356 cum
1277 1324 1383 1357 trans

1024 1378 1257 1418 *fretassent
1269 1398 1278 1407 ·

1024 1440 1044 1462 *
1055 1449 1246 1481 uenerunt
1262 1443 1303 1481 in
1322 1449 1378 1482 ter

1024 1503 1044 1525 *
1056 1517 1141 1543 ram
1159 1506 1419 1556 gennezareth
1432 1523 1440 1533 ·

1057 1593 1087 1614 ³⁵
1099 1600 1138 1632 et
1157 1606 1246 1633 cum
1266 1594 1455 1645 cog-nouis

1059 1663 1146 1695 sent
1163 1669 1254 1695 eum
1273 1658 1343 1695 uiri
1363 1657 1441 1696 loci

1059 1720 1179 1758 illius·
1205 1720 1392 1759 miserunt

1060 1782 1101 1820 in
1120 1782 1343 1821 uniuersam
1363 1795 1404 1821 re

1059 1845 1216 1895 gionem
1237 1845 1341 1884 illam
1355 1862 1363 1871 ·

1058 1914 1097 1946 et
1117 1907 1338 1958 optulerunt
1357 1908 1393 1947 ei

1059 1982 1197 2010 ornnes
1216 1971 1317 2009 male
1335 1971 1388 2010 ha

1060 2034 1198 2072 bentes
1239 2033 1268 2055 ³⁶
1280 2040 1318 2073 et
1337 2046 1434 2085 roga

1060 2097 1156 2135 bant
1212 2103 1254 2135 ut
1272 2097 1335 2136 uel
1354 2097 1421 2135 fim

1061 2160 1195 2199 bream
1214 2161 1405 2199 uestimen

1062 2223 1090 2261 ti
1109 2223 1190 2261 eius
1209 2229 1412 2273 tangerent
1428 2240 1436 2249 ·

1063 2291 1102 2324 et
1121 2285 1354 2336 quicumque
1374 2292 1412 2325 te

1063 2349 1232 2398 tigerunt
1251 2348 1361 2386 salui-

1064 2410 1154 2449 facti
1173 2417 1263 2448 sunt
1276 2428 1342 2438 ·—

1064 2477 1131 2513 15.
1148 2473 1160 2494 ¹
1174 2473 1289 2512 Tunc
1305 2480 1532 2512 acceserunt

1066 2536 1116 2574 ad
1137 2536 1218 2574 ihm
1238 2537 1287 2574 ab
1306 2536 1413 2575 hiero

1068 2599 1225 2649 solymis
1244 2600 1392 2638 scribae

1067 2668 1105 2700 et
1125 2662 1275 2701 farisaei
1294 2663 1407 2702 dicen

1066 2730 1125 2762 tes
1140 2742 1148 2751 ·
1177 2723 1321 2776 ²quare
1340 2726 1398 2764 dis

1067 2787 1181 2838 cipuli
1200 2789 1253 2827 tui
1271 2795 1377 2828 trans

1585 378 1750 417 ditiones
1770 378 1878 417 senio

1584 453 1691 479 rum·
1723 453 1804 480 non
1822 445 1887 479 eni

1585 504 1717 542 lauant
1735 515 1876 542 manus

1586 579 1675 605 suas
1695 578 1785 605 cum
1804 569 1908 617 pane

1585 629 1845 668 manducant·
1879 628 1954 679 ⁸Ip

1587 703 1628 730 se
1648 698 1776 730 autem
1795 703 1938 742 respon

1588 754 1686 793 dens
1705 755 1758 792 ait
1776 754 1848 792 illis
1862 770 1870 779 ·

1588 829 1708 868 quare
1726 829 1800 856 uos
1819 817 1900 856 sine
1920 816 1960 855 in

1587 879 1740 918 tellectu
1758 880 1847 918 estis
1866 879 1907 918 in

1588 942 1816 981 mandatum
1836 942 1877 980 di

1589 1012 1748 1056 propter
1766 1004 1893 1044 traditi

1591 1080 1710 1107 onem
1727 1074 1898 1108 uestram
1915 1084 1923 1093 ·

1590 1131 1606 1153 ⁴
1617 1131 1676 1170 ΒΞ
1706 1131 1811 1169 enim
1830 1130 1922 1169 dixit
1940 1129 1993 1168 ho

1593 1206 1690 1233 nora
1708 1199 1858 1244 patrem
1881 1197 1949 1234 tufi

1594 1262 1632 1294 et
1651 1262 1815 1295 matrem
1835 1262 1942 1294 tuam
1955 1273 1963 1282 ·

1593 1318 1645 1358 Et
1665 1319 1731 1369 qui
1751 1318 1994 1358 maledixerit

1594 1381 1692 1433 patri
1709 1382 1772 1420 uel
1791 1381 1904 1420 matri

1593 1450 1717 1483 morte
1737 1444 1921 1482 moriatur
1934 1467 1943 1476 ·

1593 1507 1608 1527 ⁶
1620 1505 1704 1545 Uos
1723 1512 1853 1545 autem
1873 1505 1995 1545 dicitis
2011 1523 2019 1531 ·

1596 1595 1831 1645 quicumque
1850 1594 1941 1633 dixe

1597 1658 1643 1696 rit
1662 1659 1761 1708 patri
1779 1658 1842 1695 uel
1862 1670 1927 1696 ma

1596 1721 1644 1760 tri
1663 1733 1804 1759 munus
1823 1720 1928 1771 quod

1597 1796 1621 1822 a
1640 1795 1703 1822 me
1723 1784 1946 1823 melioratus

1597 1846 1712 1885 fueris
1726 1864 1734 1872 ·
1764 1846 1778 1868 ⁶
1789 1853 1828 1885 et
1845 1858 1929 1885 non

1597 1909 1813 1948 honorifica

1598 1973 1654 2010 bit
1672 1978 1824 2022 patrem

1600 2047 1712 2073 suum
1732 2041 1771 2073 et
1792 2037 1915 2073 matre

1600 2110 1712 2136 suam
1764 2103 1803 2136 et
1821 2097 1936 2136 inritfl

1600 2160 1741 2199 fecistis
1761 2172 1854 2199 man

1602 2223 1735 2261 datum
1755 2223 1795 2261 di
1813 2235 1913 2274 prop

1601 2292 1658 2324 ter
1677 2285 1924 2324 traditionem

1601 2355 1777 2387 uestram
1794 2365 1802 2374 ·
1831 2348 1846 2369 ⁷
1858 2348 1981 2399 Hypo

1602 2411 1715 2449 crite·
1745 2411 1845 2449 bene
1866 2422 1938 2460 pro

1602 2473 1732 2512 fetauit
1751 2473 1800 2511 de
1819 2474 1932 2512 uobis

1602 2536 1725 2574 esaias
1744 2536 1899 2575 dicens-

1602 2598 1616 2620 ⁸
1629 2598 1953 2649 adpropinquauit

1604 2661 1698 2699 mihi
1716 2661 1828 2712 plebs
1848 2661 1943 2700 haec

1605 2736 1672 2763 ore
1692 2736 1763 2763 suo
1782 2730 1820 2763 et
1837 2724 1948 2763 labiis

1605 2799 1668 2826 me
1692 2787 1911 2826 honorat-

2085 376 2204 428 longe
2224 390 2266 416 es
2288 391 2312 417 a
2331 391 2416 417 me·
2443 378 2517 417 'Si

2087 453 2136 478 ne
2157 452 2272 479 causa
2293 441 2423 480 colunt

2087 515 2151 541 me
2170 503 2358 542 docentes
2377 504 2453 543 doc

2086 565 2207 604 trinas
2226 565 2410 604 mandata

2089 627 2296 666 hominum
2309 649 2318 658 -
2336 649 2345 658 ·

2090 689 2120 711 ¹⁰
2131 689 2182 729 Et
2202 701 2383 729 conuoca

2089 753 2137 791 tis
2156 753 2277 791 turbis
2296 753 2392 792 dixit

2091 815 2168 854 eis:
2199 815 2340 855 Audite
2360 823 2399 855 et
2417 816 2457 855 in

2090 878 2266 929 telligite·
2295 877 2323 901 ¹¹
2336 890 2418 917 non

2091 941 2198 991 quod
2217 942 2333 980 intrat
2351 941 2460 981 intrat

2090 1004 2130 1042 in
2150 1016 2195 1043 os
2218 1004 2445 1054 coinquinat

2035 1067 2039 1069 “
2093 1066 2295 1105 hominem
2350 1066 2427 1105 Sed

2093 1129 2200 1179 quod
2223 1129 2397 1179 procedit
2417 1129 2465 1168 de

2094 1204 2161 1230 ore
2181 1192 2257 1230 hoc
2279 1192 2435 1242 coinqui

2095 1260 2161 1292 nat
2180 1254 2380 1293 hominem
2396 1276 2404 1285 ·
2420 1276 2428 1285 ·

2095 1317 2124 1339 ¹²
2137 1316 2253 1356 Tunc
2273 1317 2504 1356 accedentes

2095 1379 2272 1430 discipuli
2294 1379 2376 1418 eius
2395 1380 2461 1418 dix

2096 1449 2209 1480 erunt
2230 1443 2264 1481 ei
2280 1460 2288 1469 ·
2322 1443 2409 1484 Scis

2097 1505 2205 1556 quod
2222 1504 2371 1544 farisaei
2390 1517 2440 1544 au

2098 1593 2182 1632 dito
2201 1593 2278 1632 hoc
2298 1595 2420 1632 uerbo

2100 1656 2352 1694 scandalizati
2372 1662 2461 1694 sunt
2474 1673 2482 1683 ·

2094 1718 2128 1752 .¹³
2141 1718 2202 1757 ille
2222 1725 2351 1758 autem
2370 1730 2516 1769 respon

2101 1782 2199 1820 dens
2218 1782 2292 1820 ait·
2323 1781 2403 1821 Om

2102 1845 2162 1883 nis
2183 1844 2371 1894 plantatio
2392 1865 2400 1875 ·

2101 1919 2220 1956 quam
2238 1918 2320 1945 non
2339 1906 2472 1957 planta
2507 1927 2509 1929 >

2100 1970 2155 2008 uit
2175 1975 2284 2020 pater
2302 1981 2412 2009 meus

2102 2032 2277 2071 caelestis
2296 2033 2403 2071 eradi

2104 2095 2252 2134 cabitur
2269 2121 2277 2128 -
2307 2095 2337 2117 ¹⁴
2350 2095 2471 2134 Sinite

2104 2158 2192 2197 illos
2213 2158 2334 2197 duces
2355 2165 2444 2197 sunt

2105 2222 2213 2261 caeci
2231 2233 2439 2260 caecorum
2452 2239 2460 2247 ·

2105 2284 2257 2323 Caecus
2276 2290 2406 2322 autem
2425 2284 2456 2322 si
2476 2296 2543 2323 cae

2105 2359 2153 2385 co
2173 2346 2357 2384 ducatum
2377 2358 2466 2396 pres

2105 2415 2160 2447 tat
2224 2409 2343 2447 ambo
2363 2409 2404 2446 in
2423 2408 2464 2448 fo

2105 2483 2220 2509 ueam
2239 2471 2381 2509 cadent
2394 2489 2402 2497 ·

2105 2532 2135 2555 ¹⁵
2148 2533 2408 2584 Respondens
2426 2537 2514 2572 aute

2106 2603 2238 2648 petrus
2257 2596 2351 2634 dixit
2370 2597 2405 2635 ei
2418 2613 2426 2622 ·

2106 2671 2243 2698 enarra
2262 2659 2375 2698 nobis
2394 2671 2445 2710 pa

2107 2722 2281 2761 rabolam
2299 2722 2411 2760 istam

2108 2785 2216 2824 16Ιῗιε
2236 2791 2365 2824 autem
2386 2785 2481 2824 dixit
2498 2785 2554 2824 eis
2567 2803 2576 2812 ·
