2872 3268
572 213 653 256 128

357 330 439 362 Pol·
451 331 534 364 186·
567 330 788 371 clamabant
807 331 922 371 dicen

567 400 648 432 tes·
689 406 738 432 o·
781 406 903 434 sanna

567 454 598 477 ¹⁰
609 457 834 496 benedictus
854 458 921 508 qui

567 519 674 558 uenit
692 519 732 558 in
751 520 911 558 nomine

566 582 633 621 dfii
649 603 657 613 ·
706 582 869 621 benedic

565 650 649 683 tum
668 645 774 695 quod
794 645 900 683 uenit

563 719 729 758 regnum
748 707 787 744 in
803 707 911 746 nomi

564 782 615 809 ne
635 770 701 808 dfii
722 769 761 808 di
779 770 897 820 patris

564 832 682 871 nostri
701 831 818 870 dauid
833 853 840 862 ·
858 854 912 860 -

564 893 602 933 Ο
618 916 626 924 ·
658 906 781 933 sanna
801 894 840 932 in
860 894 970 933 excel

563 957 616 996 sis
650 947 749 979 finem
771 978 778 987 ,

563 1020 618 1058 uit
637 1019 896 1070 hierosolyma

563 1082 622 1121 ihs
645 1088 683 1120 et
702 1083 742 1121 in
761 1082 910 1133 templu

562 1145 613 1183 Et
632 1145 879 1196 circumspici

561 1219 632 1246 ens
651 1219 790 1246 omnes
838 1208 941 1247 Cum

561 1270 640 1309 iam
659 1280 848 1321 uespzera

560 1338 662 1371 esset
681 1332 777 1372 hora
814 1333 920 1372 Exiit

561 1395 601 1434 in
621 1395 846 1435 bethaniam

561 1470 652 1497 cum
672 1453 879 1498 duodecim

560 1521 758 1571 discipulis
772 1544 781 1552 ·
811 1521 839 1544 ¹²
849 1522 901 1561 Et
920 1535 943 1562 a

560 1584 611 1622 lia
630 1584 691 1623 die
711 1596 802 1624 cum
821 1586 920 1624 exssis

562 1678 621 1711 set
639 1685 662 1711 a
681 1672 905 1712 bethaniam

561 1735 694 1774 esuriit
711 1756 720 1765 ·
735 1756 745 1766 ·
774 1735 802 1757 ¹³
814 1748 906 1775 cum
936 1782 938 1785 .

561 1810 638 1848 que
658 1798 819 1837 uidisset
837 1811 861 1838 a
880 1799 946 1838 lon

560 1872 611 1910 ge
630 1860 749 1899 ficum
768 1860 898 1900 haben

561 1929 641 1960 tem
660 1922 753 1961 folia
791 1924 899 1963 uenit

562 1986 673 2036 quasi
693 1986 856 2025 inuentu

561 2060 627 2087 rus
646 2049 793 2102 aliquid
813 2050 852 2088 in
873 2050 898 2088 il

560 2110 598 2149 la
615 2132 622 2141 -
667 2118 705 2151 et
724 2124 815 2150 cum
835 2115 947 2153 uenis

561 2180 618 2213 set
637 2174 687 2212 ad
706 2187 799 2213 eum

561 2242 600 2275 et
619 2236 712 2275 nihil
730 2237 884 2277 inuenis

560 2305 619 2337 set
637 2299 677 2337 in
699 2312 746 2338 ea
792 2300 866 2339 nisi

559 2360 653 2400 folia
672 2368 822 2400 tantum
834 2386 889 2394 -

559 2435 642 2462 non
660 2425 765 2462 enim
784 2432 865 2464 erat

559 2492 713 2536 tempus
728 2487 866 2526 ficuu-

559 2548 588 2569 ¹⁴
604 2547 865 2599 Respondens

561 2610 657 2648 dixit
676 2611 732 2649 ei·
775 2612 861 2651 Iam
881 2625 963 2652 non

561 2672 727 2721 amplius
747 2674 787 2712 in
806 2687 851 2714 ae

562 2739 715 2772 ternum
731 2738 818 2786 quis

563 2807 682 2845 quam
701 2797 825 2836 fructu

563 2869 612 2895 ex
632 2863 667 2895 te
687 2861 896 2900 manducet

1052 330 1082 352 ¹⁶
1093 330 1143 370 Et
1163 331 1326 368 ueniunt
1345 330 1384 368 in
1403 329 1464 369 hie

1051 393 1246 444 rosolyma
1259 415 1267 423 ·
1312 400 1349 432 et
1370 394 1411 431 in

1051 468 1207 506 gressus
1228 456 1286 494 ihs
1306 456 1347 494 in
1362 459 1399 495 te

1051 519 1119 569 plo
1158 519 1288 569 coepit
1306 519 1387 558 eice

1050 593 1091 620 re
1111 582 1326 621 uendentes

1049 649 1087 682 et
1106 650 1281 683 ementes
1300 645 1340 683 in
1359 648 1397 684 te·

1049 706 1116 757 plo
1156 713 1194 745 et
1212 719 1378 746 nummu

1047 769 1233 808 lariorum
1275 777 1313 809 et
1332 783 1380 810 ca

1048 831 1202 871 thedras
1221 845 1298 871 uen

1048 894 1222 934 dentium
1243 895 1375 934 colum

795 978 803 987 ·
834 955 920 996 ¹¹Et
933 957 1030 997 intra
1047 957 1118 996 bas
1138 959 1272 997 euertit
1287 980 1296 989 ·
1327 957 1355 980 ¹⁶
1367 965 1406 997 et

1047 1032 1129 1058 non
1149 1020 1299 1059 sinebat
1340 1027 1384 1060 ut

1047 1083 1258 1134 quisquam
1277 1090 1382 1123 trans

1047 1145 1161 1186 ferret
1180 1159 1250 1185 uas
1269 1159 1339 1197 per

1047 1209 1239 1260 templum
1255 1231 1264 1240 ·
1281 1231 1334 1239 ·-

1047 1270 1075 1293 ¹⁷
1087 1271 1139 1310 Et
1159 1272 1324 1311 docebat
1345 1272 1478 1312 dicens

1045 1333 1117 1372 illis
1165 1346 1298 1374 nonne

1048 1398 1234 1448 scriptum
1254 1403 1313 1437 est

1047 1459 1188 1498 domus
1200 1472 1288 1499 mea
1300 1460 1352 1500 do

1048 1534 1136 1561 mus
1156 1523 1340 1562 orationis

1046 1586 1250 1624 uocabitur
1269 1598 1338 1625 om

1045 1674 1162 1713 nibus
1181 1674 1359 1725 gentibus
1376 1695 1387 1705 ·

1046 1735 1131 1775 Uos
1151 1744 1280 1776 autem
1297 1738 1392 1777 fecis

1046 1799 1095 1838 tis
1114 1811 1202 1838 eam
1221 1800 1359 1850 spelun

1046 1850 1136 1900 cam
1157 1862 1352 1901 latronum
1367 1884 1377 1894 ·

1049 1923 1078 1946 ¹⁸
1092 1924 1184 1972 Quo
1204 1926 1338 1965 audito
1358 1927 1445 1976 prin

1050 1988 1157 2038 cipes
1177 1988 1382 2028 sacerdotri

1048 2057 1086 2089 et
1106 2052 1255 2090 scribae
1294 2064 1398 2102 quae

1046 2115 1183 2152 rebant
1203 2126 1352 2165 quomo

1047 2175 1099 2214 do
1112 2189 1201 2215 eum
1219 2177 1339 2227 perde

1047 2245 1133 2276 rent
1147 2260 1155 2268 ·
1186 2239 1374 2278 timebant

1046 2301 1152 2339 enim
1171 2313 1263 2340 eum
1279 2322 1287 2331 ·
1329 2307 1452 2352 quoni

1044 2363 1226 2401 uniuersa
1241 2365 1353 2403 turba

1045 2425 1307 2464 admirabatur

1046 2499 1163 2538 super
1175 2488 1351 2527 doctrina

1046 2551 1129 2589 eius
1143 2572 1151 2581 ·
1183 2551 1210 2572 ¹⁹
1222 2550 1275 2590 Et
1294 2564 1385 2590 cum
1405 2565 1474 2592 ues

1045 2626 1139 2664 pera
1158 2614 1259 2652 facta
1278 2621 1381 2654 esset

1045 2677 1315 2726 egrediebatur

1046 2739 1095 2778 de
1112 2740 1264 2779 ciuitate
1279 2762 1287 2770 ·
1304 2762 1312 2771 ·
1328 2762 1336 2771 ·

1046 2814 1136 2840 cum
1157 2803 1332 2842 transiret

1044 2876 1162 2903 mane
1200 2866 1377 2904 uiderunt

1366 2739 1397 2762 20
1408 2740 1458 2780 Et

563 2918 613 2956 Et
628 2920 835 2960 audiebant
851 2923 1027 2973 discipuli
1047 2928 1223 2966 arborem
1242 2928 1303 2967 fici

921 2986 1003 3025 eius

1484 212 1652 254 SEC··

1590 330 1736 369 aridam
1752 330 1894 369 factam

1590 406 1613 432 a
1632 393 1826 432 radicibus
1843 415 1851 424 ·
1881 391 1909 414 ²¹
1922 393 1974 432 Et

1589 463 1872 496 rememoratus

1589 526 1720 570 petrus
1740 520 1792 558 ait
1807 519 1858 558 illi
1873 541 1881 550 ·

1590 581 1719 620 Rabbi
1758 594 1850 621 ecce
1870 583 1977 621 arb⁰r

1588 656 1709 694 quam
1728 645 1895 683 maledix

1588 707 1650 745 isti
1670 708 1790 745 aruit·
1821 705 1849 727 ²²
1861 707 1912 747 Et

1586 770 1829 821 respondens
1849 770 1907 808 ihs

1588 833 1639 871 ait
1659 833 1731 872 illis
1771 833 1911 872 habete

1587 896 1704 934 fidem
1723 895 1763 934 di
1777 917 1785 926 ·
1816 895 1844 917 2³
1855 895 1988 936 Arnen

1587 959 1691 997 enim
1712 959 1800 998 dico
1820 960 1934 997 uobis

1586 1021 1677 1072 quia
1695 1021 1932 1073 quicumque

1586 1084 1724 1123 dixerit
1742 1084 1832 1123 huic
1853 1096 1949 1123 mon

1585 1147 1614 1185 ti
1633 1147 1763 1186 tollere
1806 1154 1844 1186 et
1863 1148 1933 1186 mit

1585 1216 1664 1249 tere
1685 1210 1724 1249 in
1744 1223 1850 1249 mare
1864 1231 1873 1241 ·

1585 1279 1623 1312 et
1642 1285 1725 1311 non
1743 1273 1940 1312 haesitaue

1585 1336 1633 1374 rit
1651 1336 1691 1373 in
1711 1335 1827 1375 corde
1848 1348 1919 1375 suo

1586 1398 1654 1437 sed
1675 1397 1878 1437 crediderit

1585 1461 1676 1512 quia
1715 1473 1815 1512 quae
1835 1461 1873 1499 di

1585 1524 1636 1562 cit
1656 1530 1789 1561 erunt·
1835 1523 1898 1561 fiet
1917 1523 1942 1561 il

1584 1586 1610 1624 li
1650 1586 1929 1638 quodcumque

1585 1674 1722 1714 dixerit
1739 1696 1746 1705 ·
1765 1696 1773 1705 ·
1789 1696 1798 1706 ι
1828 1672 1857 1696 ²⁴
1869 1687 1968 1726 prop

1583 1743 1688 1776 terea
1711 1737 1799 1776 dico
1818 1739 1932 1776 uobis

1583 1801 1716 1839 omnia
1735 1813 1835 1852 quae
1857 1813 1954 1840 oran

1582 1869 1640 1902 tes
1659 1864 1786 1914 petitis
1803 1885 1811 1894 ·
1853 1865 1957 1903 credi

1583 1932 1620 1965 te
1640 1927 1732 1977 quia
1751 1928 1899 1978 accipie

1584 1988 1632 2027 tis
1672 1994 1710 2027 et
1730 1989 1794 2028 fiet
1813 1990 1926 2029 uobis
1944 2011 1952 2021 ·

1583 2051 1615 2073 ²⁵
1626 2050 1677 2089 Et
1697 2064 1788 2090 cum
1808 2053 1955 2092 stabitis

1585 2114 1635 2152 ad
1653 2110 1871 2153 orationem
1887 2137 1895 2146 ·

1585 2176 1760 2216 dimittite
1779 2178 1810 2216 si
1830 2178 1924 2229 quid

1584 2239 1734 2278 habetis
1753 2241 1874 2279 aduer

1584 2314 1651 2340 sus
1670 2302 1837 2353 aliquem
1850 2325 1858 2334 ·

1583 2370 1626 2402 ut
1644 2371 1682 2403 et
1699 2372 1807 2415 pater
1825 2366 1892 2416 qui
1910 2366 1950 2405 in

1583 2427 1675 2466 celis
1694 2434 1753 2466 est
1776 2428 1883 2467 dimit

1583 2496 1638 2528 tat
1656 2491 1769 2530 uobis
1789 2490 1926 2531 delicta

1582 2560 1732 2592 uestra·
1763 2555 1791 2576 ²⁶
1805 2555 1913 2605 quod

1583 2617 1615 2654 si
1634 2628 1707 2655 uos
1727 2629 1808 2655 non
1830 2617 1925 2656 dimi

1583 2679 1706 2717 seritis
1727 2701 1734 2709 ·
1778 2692 1853 2720 nec
1871 2693 1923 2731 pa

1583 2748 1639 2780 ter
1657 2749 1784 2781 uester
1825 2744 1892 2794 qui

1583 2805 1622 2843 in
1644 2805 1759 2844 caelis
1779 2812 1836 2844 est
1856 2806 1894 2844 di

1582 2868 1705 2906 mittet
1723 2868 1836 2906 uobis
1856 2881 1929 2919 pec

1583 2936 1668 2969 cata
1687 2936 1816 2969 uestra
1832 2948 1886 2966 st*

2363 219 2441 262 [XL
2455 231 2564 265 9-33·

2060 329 2078 351 *
2093 330 2122 353 ²⁷
2134 330 2185 370 Et
2203 331 2310 370 uenit
2329 332 2425 371 iteri-1

2058 393 2077 415 *
2093 393 2351 444 hierosolyma

2060 454 2079 476 *
2094 463 2132 495 et
2150 458 2191 495 in
2210 457 2355 507 templo
2375 461 2425 496 εὖ

2061 516 2080 538 *
2095 519 2309 558 ambularet
2326 541 2334 550 ·
2350 541 2358 550 ·

2094 582 2297 621 Accedunt
2316 583 2367 622 ad
2386 587 2437 622 εὖ

2093 645 2290 696 principes
2309 653 2411 684 sacer

2093 707 2228 746 dotum
2247 714 2284 746 et
2304 708 2379 746 scri

2091 770 2165 808 bae
2206 777 2244 808 et
2263 770 2435 810 seniores

2090 831 2119 853 ²⁸
2133 833 2183 871 Et
2202 832 2334 871 dicunt
2353 833 2403 871 illi
2422 834 2462 872 in

2091 907 2167 946 qua
2187 901 2376 945 potestate

2089 957 2162 996 hec
2182 957 2276 996 facis
2295 964 2333 996 et
2353 958 2437 1009 quis

2088 1020 2156 1058 tibi
2175 1020 2279 1059 hanc
2299 1028 2414 1071 potes

2088 1088 2207 1121 tatem
2228 1083 2332 1121 dedit
2350 1090 2393 1122 ut

2087 1145 2160 1185 ista
2179 1145 2297 1185 facias
2313 1168 2321 1176 ·
2352 1145 2381 1167 ²⁹
2393 1146 2455 1185 ihs

2088 1215 2216 1247 autem
2237 1221 2381 1259 respon

2088 1271 2186 1309 dens
2206 1271 2258 1309 ait
2277 1271 2350 1310 illis
2365 1293 2373 1302 ·
2413 1272 2455 1310 in

2087 1335 2296 1384 terrogabo
2315 1346 2388 1372 uos

2088 1403 2126 1435 et
2145 1408 2219 1446 ego
2238 1397 2401 1435 uerbum
2420 1409 2447 1435 u

2088 1471 2183 1497 num
2201 1460 2395 1510 responde

2087 1528 2124 1559 te
2144 1521 2236 1560 mihi
2250 1543 2258 1551 ·
2303 1529 2341 1561 et
2360 1522 2488 1560 dicam

2086 1584 2198 1623 uobis
2240 1585 2280 1622 in
2299 1588 2377 1635 'qua
2394 1592 2508 1635 potes

2085 1678 2162 1710 tate
2182 1672 2280 1711 haec
2298 1672 2400 1712 facio
2414 1694 2423 1703 ·

2084 1734 2114 1756 ³⁰
2126 1735 2326 1785 Baptisma
2345 1736 2525 1775 iohannis

2085 1797 2134 1836 de
2154 1798 2264 1836 caelo
2283 1805 2364 1836 erat
2383 1811 2434 1837 an
2454 1811 2504 1838 ex

2085 1860 2307 1899 hominibus
2346 1874 2471 1912 repon

2084 1923 2171 1962 dete
2191 1923 2286 1961 mihi
2301 1946 2309 1954 ·
2341 1923 2368 1945 ³¹
2381 1925 2433 1963 At
2451 1924 2506 1963 illi

2085 1986 2310 2035 cogitabant
2329 1987 2429 2026 inter

2085 2060 2126 2087 se
2146 2049 2320 2087 dicentes
2359 2051 2391 2089 si
2412 2050 2478 2089 dix

2086 2112 2227 2151 erimus
2247 2112 2296 2150 de
2315 2113 2424 2152 caelo

2085 2173 2186 2212 dicet
2205 2175 2318 2213 nobis
2338 2187 2456 2225 quare

2085 2248 2166 2274 non
2185 2237 2397 2276 credidistis
2415 2238 2442 2276 il

2083 2298 2132 2336 li·
2162 2297 2191 2320 ⁸²
2202 2299 2234 2338 si
2253 2299 2460 2339 dixerimus

2084 2373 2133 2400 ex
2153 2361 2372 2401 hominibus
2411 2364 2439 2402 ti

2084 2434 2235 2463 memus
2255 2427 2409 2477 plebem
2430 2446 2440 2456 ·

2085 2486 2236 2527 Omnes
2256 2490 2362 2527 enim
2382 2492 2460 2531 scie

2083 2551 2178 2589 bant
2196 2552 2408 2592 iohannem
2428 2555 2517 2606 quia

2083 2627 2174 2653 uere
2193 2616 2344 2666 profeta
2363 2624 2444 2656 erat
2460 2638 2470 2648 ·

2083 2678 2111 2699 ³³
2124 2677 2175 2716 Et
2194 2680 2475 2729 respondentes

2083 2741 2215 2780 dicunt
2230 2743 2280 2781 ad
2295 2742 2375 2780 ihm
2415 2754 2466 2781 ne

2084 2804 2228 2843 scimus
2245 2826 2253 2835 ·
2296 2813 2333 2844 et
2347 2812 2485 2856 resp0n

2084 2868 2182 2906 dens
2201 2868 2260 2906 ihs
2280 2869 2332 2906 ait
2350 2868 2421 2906 illis

2084 2943 2209 2981 neque
2229 2943 2304 2981 ego
2323 2931 2435 2970 uobis

2582 338 2667 374 noir
2680 340 2762 374 18⁷.
2776 382 2778 384 ¹
