<?xml version="1.0" encoding="UTF-8"?>
<!DOCTYPE html PUBLIC "-//W3C//DTD XHTML 1.0 Transitional//EN"
    "http://www.w3.org/TR/xhtml1/DTD/xhtml1-transitional.dtd">
<html xmlns="http://www.w3.org/1999/xhtml" xml:lang="en" lang="en">
 <head>
  <title>
</title>
<meta http-equiv="Content-Type" content="text/html;charset=utf-8" />
  <meta name='ocr-system' content='tesseract 3.04.00' />
  <meta name='ocr-capabilities' content='ocr_page ocr_carea ocr_par ocr_line ocrx_word'/>
</head>
<body>
  <div class='ocr_page' id='page_1' title='image "./fourgospelsfromm00whit_0109.png"; bbox 0 0 2872 3268; ppageno 0'>
   <div class='ocr_carea' id='block_1_1' title="bbox 308 217 618 260">
    <p class='ocr_par' dir='ltr' id='par_1_1' title="bbox 308 217 618 260">
     <span class='ocr_line' id='line_1_1' title="bbox 308 217 618 260; baseline 0.01 -12"><span class='ocrx_word' id='word_1_1' title='bbox 308 218 365 252; x_wconf 80' lang='lat' dir='ltr'>vi.</span> <span class='ocrx_word' id='word_1_2' title='bbox 383 220 532 260; x_wconf 85' lang='lat' dir='ltr'>57-V11·</span> <span class='ocrx_word' id='word_1_3' title='bbox 550 217 618 260; x_wconf 86' lang='lat'>18.]</span> 
     </span>
    </p>
   </div>
   <div class='ocr_carea' id='block_1_2' title="bbox 113 325 684 376">
    <p class='ocr_par' dir='ltr' id='par_1_2' title="bbox 113 325 684 376">
     <span class='ocr_line' id='line_1_2' title="bbox 113 325 684 376; baseline -0.007 -9"><span class='ocrx_word' id='word_1_4' title='bbox 113 336 195 368; x_wconf 76' lang='lat'><strong>1¹01.</strong></span> <span class='ocrx_word' id='word_1_5' title='bbox 211 337 291 368; x_wconf 79' lang='lat'>221.</span> <span class='ocrx_word' id='word_1_6' title='bbox 309 332 347 364; x_wconf 90' lang='lat' dir='ltr'>et</span> <span class='ocrx_word' id='word_1_7' title='bbox 367 325 451 376; x_wconf 90' lang='lat' dir='ltr'>ipse</span> <span class='ocrx_word' id='word_1_8' title='bbox 469 326 563 364; x_wconf 90' lang='lat' dir='ltr'>uiuit</span> <span class='ocrx_word' id='word_1_9' title='bbox 583 338 684 376; x_wconf 90' lang='lat' dir='ltr'>prop</span> 
     </span>
    </p>
   </div>
   <div class='ocr_carea' id='block_1_3' title="bbox 304 389 775 1567">
    <p class='ocr_par' dir='ltr' id='par_1_3' title="bbox 305 389 763 878">
     <span class='ocr_line' id='line_1_3' title="bbox 307 389 763 439; baseline -0.002 -12"><span class='ocrx_word' id='word_1_10' title='bbox 307 395 365 427; x_wconf 89' lang='lat' dir='ltr'>ter</span> <span class='ocrx_word' id='word_1_11' title='bbox 383 401 447 427; x_wconf 91' lang='lat' dir='ltr'>me</span> <span class='ocrx_word' id='word_1_12' title='bbox 463 410 472 418; x_wconf 92' lang='lat'><strong>·</strong></span> <span class='ocrx_word' id='word_1_13' title='bbox 512 389 541 410; x_wconf 78' lang='lat'>⁵⁸</span> <span class='ocrx_word' id='word_1_14' title='bbox 553 389 616 427; x_wconf 91' lang='lat' dir='ltr'>hic</span> <span class='ocrx_word' id='word_1_15' title='bbox 636 395 693 428; x_wconf 91' lang='lat' dir='ltr'>est</span> <span class='ocrx_word' id='word_1_16' title='bbox 712 400 763 439; x_wconf 91' lang='lat' dir='ltr'>pa</span> 
     </span>
     <span class='ocr_line' id='line_1_4' title="bbox 310 450 743 501; baseline 0.002 -12"><span class='ocrx_word' id='word_1_17' title='bbox 310 451 372 490; x_wconf 90' lang='lat' dir='ltr'>nis</span> <span class='ocrx_word' id='word_1_18' title='bbox 391 451 458 501; x_wconf 92' lang='lat' dir='ltr'>qui</span> <span class='ocrx_word' id='word_1_19' title='bbox 477 450 526 490; x_wconf 91' lang='lat' dir='ltr'>de</span> <span class='ocrx_word' id='word_1_20' title='bbox 546 451 655 490; x_wconf 88' lang='lat' dir='ltr'>caelo</span> <span class='ocrx_word' id='word_1_21' title='bbox 674 451 743 490; x_wconf 90' lang='lat' dir='ltr'>des</span> 
     </span>
     <span class='ocr_line' id='line_1_5' title="bbox 308 514 707 564; baseline -0.003 -11"><span class='ocrx_word' id='word_1_22' title='bbox 308 514 440 553; x_wconf 90' lang='lat' dir='ltr'>cendit</span> <span class='ocrx_word' id='word_1_23' title='bbox 455 535 464 544; x_wconf 91' lang='lat'><strong>·</strong></span> <span class='ocrx_word' id='word_1_24' title='bbox 513 514 607 552; x_wconf 90' lang='lat' dir='ltr'>Non</span> <span class='ocrx_word' id='word_1_25' title='bbox 627 525 707 564; x_wconf 90' lang='lat' dir='ltr'>quo</span> 
     </span>
     <span class='ocr_line' id='line_1_6' title="bbox 307 576 690 615; baseline 0 0"><span class='ocrx_word' id='word_1_26' title='bbox 307 576 428 615; x_wconf 90' lang='lat' dir='ltr'>modo</span> <span class='ocrx_word' id='word_1_27' title='bbox 448 577 690 615; x_wconf 89' lang='lat' dir='ltr'>mandueaue</span> 
     </span>
     <span class='ocr_line' id='line_1_7' title="bbox 306 639 677 689; baseline -0.003 -11"><span class='ocrx_word' id='word_1_28' title='bbox 306 645 396 678; x_wconf 88' lang='lat' dir='ltr'>runt</span> <span class='ocrx_word' id='word_1_29' title='bbox 414 646 542 689; x_wconf 89' lang='lat' dir='ltr'>patres</span> <span class='ocrx_word' id='word_1_30' title='bbox 560 639 677 678; x_wconf 89' lang='lat' dir='ltr'>uestri</span> 
     </span>
     <span class='ocr_line' id='line_1_8' title="bbox 307 702 668 741; baseline 0 -1"><span class='ocrx_word' id='word_1_31' title='bbox 307 714 452 741; x_wconf 89' lang='lat' dir='ltr'>manna</span> <span class='ocrx_word' id='word_1_32' title='bbox 470 709 508 740; x_wconf 95' lang='lat' dir='ltr'>et</span> <span class='ocrx_word' id='word_1_33' title='bbox 527 702 668 740; x_wconf 91' lang='lat' dir='ltr'>mortui</span> 
     </span>
     <span class='ocr_line' id='line_1_9' title="bbox 309 765 693 813; baseline -0.003 -10"><span class='ocrx_word' id='word_1_34' title='bbox 309 772 400 804; x_wconf 92' lang='lat' dir='ltr'>sunt</span> <span class='ocrx_word' id='word_1_35' title='bbox 413 786 422 795; x_wconf 93' lang='lat'><strong>·</strong></span> <span class='ocrx_word' id='word_1_36' title='bbox 471 765 551 813; x_wconf 87' lang='lat' dir='ltr'>Qui</span> <span class='ocrx_word' id='word_1_37' title='bbox 570 765 693 804; x_wconf 91' lang='lat' dir='ltr'>ederit</span> 
     </span>
     <span class='ocr_line' id='line_1_10' title="bbox 305 828 704 878; baseline 0 -12"><span class='ocrx_word' id='word_1_38' title='bbox 305 839 448 878; x_wconf 90' lang='lat' dir='ltr'>panem</span> <span class='ocrx_word' id='word_1_39' title='bbox 467 828 581 866; x_wconf 90' lang='lat' dir='ltr'>istum</span> <span class='ocrx_word' id='word_1_40' title='bbox 599 828 704 866; x_wconf 89' lang='lat' dir='ltr'>uiuet</span> 
     </span>
    </p>

    <p class='ocr_par' dir='ltr' id='par_1_4' title="bbox 306 890 589 928">
     <span class='ocr_line' id='line_1_11' title="bbox 306 890 589 928; baseline 0 -1"><span class='ocrx_word' id='word_1_41' title='bbox 306 890 345 927; x_wconf 93' lang='lat' dir='ltr'>in</span> <span class='ocrx_word' id='word_1_42' title='bbox 366 897 564 928; x_wconf 87' lang='lat' dir='ltr'>aeternum</span> <span class='ocrx_word' id='word_1_43' title='bbox 578 890 589 919; x_wconf 80' lang='lat'>&#39;-</span> 
     </span>
    </p>

    <p class='ocr_par' dir='ltr' id='par_1_5' title="bbox 305 951 775 1430">
     <span class='ocr_line' id='line_1_12' title="bbox 307 951 775 1003; baseline 0.002 -13"><span class='ocrx_word' id='word_1_44' title='bbox 307 951 452 991; x_wconf 78' lang='lat' dir='ltr'>⁵⁹Haec</span> <span class='ocrx_word' id='word_1_45' title='bbox 466 953 561 990; x_wconf 88' lang='lat' dir='ltr'>dixit</span> <span class='ocrx_word' id='word_1_46' title='bbox 573 952 613 989; x_wconf 92' lang='lat' dir='ltr'>in</span> <span class='ocrx_word' id='word_1_47' title='bbox 625 964 775 1003; x_wconf 85' lang='lat' dir='ltr'>synago</span> 
     </span>
     <span class='ocr_line' id='line_1_13' title="bbox 307 1014 726 1065; baseline 0 -13"><span class='ocrx_word' id='word_1_48' title='bbox 307 1027 359 1065; x_wconf 89' lang='lat' dir='ltr'>ga</span> <span class='ocrx_word' id='word_1_49' title='bbox 382 1014 529 1053; x_wconf 88' lang='lat' dir='ltr'>docens</span> <span class='ocrx_word' id='word_1_50' title='bbox 549 1015 589 1052; x_wconf 91' lang='lat' dir='ltr'>in</span> <span class='ocrx_word' id='word_1_51' title='bbox 609 1026 726 1063; x_wconf 88' lang='lat' dir='ltr'>caper</span> 
     </span>
     <span class='ocr_line' id='line_1_14' title="bbox 306 1076 760 1127; baseline -0.002 -11"><span class='ocrx_word' id='word_1_52' title='bbox 306 1089 427 1116; x_wconf 86' lang='lat' dir='ltr'>naum</span> <span class='ocrx_word' id='word_1_53' title='bbox 442 1098 450 1107; x_wconf 90' lang='lat'><em>-</em></span> <span class='ocrx_word' id='word_1_54' title='bbox 498 1076 527 1098; x_wconf 75' lang='lat'>⁶⁰</span> <span class='ocrx_word' id='word_1_55' title='bbox 538 1077 648 1115; x_wconf 89' lang='lat' dir='ltr'>multi</span> <span class='ocrx_word' id='word_1_56' title='bbox 667 1089 760 1127; x_wconf 90' lang='lat' dir='ltr'>ergo</span> 
     </span>
     <span class='ocr_line' id='line_1_15' title="bbox 307 1139 674 1189; baseline 0 -11"><span class='ocrx_word' id='word_1_57' title='bbox 307 1152 357 1178; x_wconf 87' lang='lat' dir='ltr'>ex</span> <span class='ocrx_word' id='word_1_58' title='bbox 376 1139 572 1189; x_wconf 85' lang='lat' dir='ltr'>discipulis</span> <span class='ocrx_word' id='word_1_59' title='bbox 592 1139 674 1178; x_wconf 92' lang='lat' dir='ltr'>eius</span> 
     </span>
     <span class='ocr_line' id='line_1_16' title="bbox 306 1201 699 1241; baseline 0 -1"><span class='ocrx_word' id='word_1_60' title='bbox 306 1213 398 1240; x_wconf 91' lang='lat' dir='ltr'>cum</span> <span class='ocrx_word' id='word_1_61' title='bbox 417 1202 614 1241; x_wconf 89' lang='lat' dir='ltr'>audissent</span> <span class='ocrx_word' id='word_1_62' title='bbox 633 1201 699 1240; x_wconf 88' lang='lat' dir='ltr'>dix</span> 
     </span>
     <span class='ocr_line' id='line_1_17' title="bbox 305 1265 667 1304; baseline -0.006 0"><span class='ocrx_word' id='word_1_63' title='bbox 305 1271 417 1304; x_wconf 91' lang='lat' dir='ltr'>erunt</span> <span class='ocrx_word' id='word_1_64' title='bbox 471 1265 590 1303; x_wconf 90' lang='lat' dir='ltr'>durus</span> <span class='ocrx_word' id='word_1_65' title='bbox 609 1270 667 1303; x_wconf 91' lang='lat' dir='ltr'>est</span> 
     </span>
     <span class='ocr_line' id='line_1_18' title="bbox 305 1327 728 1377; baseline 0 -11"><span class='ocrx_word' id='word_1_66' title='bbox 305 1339 434 1366; x_wconf 89' lang='lat' dir='ltr'>sermo</span> <span class='ocrx_word' id='word_1_67' title='bbox 454 1327 524 1366; x_wconf 91' lang='lat' dir='ltr'>iste</span> <span class='ocrx_word' id='word_1_68' title='bbox 570 1328 655 1377; x_wconf 92' lang='lat' dir='ltr'>quis</span> <span class='ocrx_word' id='word_1_69' title='bbox 675 1339 728 1377; x_wconf 93' lang='lat' dir='ltr'>po</span> 
     </span>
     <span class='ocr_line' id='line_1_19' title="bbox 305 1391 672 1430; baseline -0.003 -1"><span class='ocrx_word' id='word_1_70' title='bbox 305 1396 382 1430; x_wconf 87' lang='lat' dir='ltr'>test</span> <span class='ocrx_word' id='word_1_71' title='bbox 400 1391 532 1429; x_wconf 90' lang='lat' dir='ltr'>audire</span> <span class='ocrx_word' id='word_1_72' title='bbox 556 1402 647 1428; x_wconf 93' lang='lat' dir='ltr'>eum</span> <span class='ocrx_word' id='word_1_73' title='bbox 663 1411 672 1420; x_wconf 92' lang='lat'><strong>·</strong></span> 
     </span>
    </p>

    <p class='ocr_par' dir='ltr' id='par_1_6' title="bbox 304 1452 714 1567">
     <span class='ocr_line' id='line_1_20' title="bbox 305 1452 714 1492; baseline -0.005 0"><span class='ocrx_word' id='word_1_74' title='bbox 305 1453 334 1475; x_wconf 79' lang='lat'>⁶¹</span> <span class='ocrx_word' id='word_1_75' title='bbox 348 1453 484 1492; x_wconf 89' lang='lat' dir='ltr'>Sciens</span> <span class='ocrx_word' id='word_1_76' title='bbox 505 1459 636 1491; x_wconf 86' lang='lat' dir='ltr'>autem</span> <span class='ocrx_word' id='word_1_77' title='bbox 655 1452 714 1491; x_wconf 83' lang='lat' dir='ltr'>ihs</span> 
     </span>
     <span class='ocr_line' id='line_1_21' title="bbox 304 1516 635 1567; baseline 0 -13"><span class='ocrx_word' id='word_1_78' title='bbox 304 1517 345 1555; x_wconf 93' lang='lat' dir='ltr'>in</span> <span class='ocrx_word' id='word_1_79' title='bbox 365 1523 487 1556; x_wconf 88' lang='lat' dir='ltr'>semet</span> <span class='ocrx_word' id='word_1_80' title='bbox 506 1516 635 1567; x_wconf 88' lang='lat' dir='ltr'>ipsum</span> 
     </span>
    </p>
   </div>
   <div class='ocr_carea' id='block_1_4' title="bbox 305 1758 705 1808">
    <p class='ocr_par' dir='ltr' id='par_1_7' title="bbox 305 1758 705 1808">
     <span class='ocr_line' id='line_1_22' title="bbox 305 1758 705 1808; baseline 0.003 -13"><span class='ocrx_word' id='word_1_81' title='bbox 305 1758 396 1808; x_wconf 93' lang='lat' dir='ltr'>quia</span> <span class='ocrx_word' id='word_1_82' title='bbox 415 1758 705 1796; x_wconf 84' lang='lat' dir='ltr'>murmurabant</span> 
     </span>
    </p>
   </div>
   <div class='ocr_carea' id='block_1_5' title="bbox 1155 204 1469 253">
    <p class='ocr_par' dir='ltr' id='par_1_8' title="bbox 1155 204 1469 253">
     <span class='ocr_line' id='line_1_23' title="bbox 1155 204 1469 253; baseline 0 -2"><span class='ocrx_word' id='word_1_83' title='bbox 1155 204 1451 253; x_wconf 74' lang='lat' dir='ltr'><em>IOHANNE</em></span> <span class='ocrx_word' id='word_1_84' title='bbox 1461 232 1469 242; x_wconf 94' lang='lat'><strong>·</strong></span> 
     </span>
    </p>
   </div>
   <div class='ocr_carea' id='block_1_6' title="bbox 807 325 1265 1566">
    <p class='ocr_par' dir='ltr' id='par_1_9' title="bbox 809 325 1239 427">
     <span class='ocr_line' id='line_1_24' title="bbox 809 325 1239 377; baseline 0.005 -14"><span class='ocrx_word' id='word_1_85' title='bbox 809 325 837 347; x_wconf 79' lang='lat'>⁶⁵</span> <span class='ocrx_word' id='word_1_86' title='bbox 849 325 900 364; x_wconf 92' lang='lat' dir='ltr'>Et</span> <span class='ocrx_word' id='word_1_87' title='bbox 919 326 1070 365; x_wconf 90' lang='lat' dir='ltr'>dicebat</span> <span class='ocrx_word' id='word_1_88' title='bbox 1087 346 1096 356; x_wconf 93' lang='lat'><strong>·</strong></span> <span class='ocrx_word' id='word_1_89' title='bbox 1138 338 1239 377; x_wconf 88' lang='lat' dir='ltr'>prop</span> 
     </span>
     <span class='ocr_line' id='line_1_25' title="bbox 809 388 1143 427; baseline 0 0"><span class='ocrx_word' id='word_1_90' title='bbox 809 394 914 427; x_wconf 90' lang='lat' dir='ltr'>terea</span> <span class='ocrx_word' id='word_1_91' title='bbox 933 388 1011 427; x_wconf 85' lang='lat' dir='ltr'>dixi</span> <span class='ocrx_word' id='word_1_92' title='bbox 1029 388 1143 427; x_wconf 91' lang='lat' dir='ltr'>uobis</span> 
     </span>
    </p>

    <p class='ocr_par' dir='ltr' id='par_1_10' title="bbox 809 453 1264 742">
     <span class='ocr_line' id='line_1_26' title="bbox 810 453 1189 502; baseline 0.003 -13"><span class='ocrx_word' id='word_1_93' title='bbox 810 453 900 502; x_wconf 91' lang='lat' dir='ltr'>quia</span> <span class='ocrx_word' id='word_1_94' title='bbox 920 464 1037 490; x_wconf 90' lang='lat' dir='ltr'>nemo</span> <span class='ocrx_word' id='word_1_95' title='bbox 1060 457 1189 502; x_wconf 91' lang='lat' dir='ltr'>potest</span> 
     </span>
     <span class='ocr_line' id='line_1_27' title="bbox 809 514 1181 553; baseline 0.003 -1"><span class='ocrx_word' id='word_1_96' title='bbox 809 515 941 553; x_wconf 89' lang='lat' dir='ltr'>uenire</span> <span class='ocrx_word' id='word_1_97' title='bbox 961 514 1011 553; x_wconf 88' lang='lat' dir='ltr'>ad</span> <span class='ocrx_word' id='word_1_98' title='bbox 1030 526 1095 552; x_wconf 89' lang='lat' dir='ltr'>me</span> <span class='ocrx_word' id='word_1_99' title='bbox 1150 515 1181 553; x_wconf 93' lang='lat' dir='ltr'>si</span> 
     </span>
     <span class='ocr_line' id='line_1_28' title="bbox 811 577 1228 616; baseline 0.002 -1"><span class='ocrx_word' id='word_1_100' title='bbox 811 590 891 616; x_wconf 92' lang='lat' dir='ltr'>non</span> <span class='ocrx_word' id='word_1_101' title='bbox 908 577 1042 615; x_wconf 89' lang='lat' dir='ltr'>datum</span> <span class='ocrx_word' id='word_1_102' title='bbox 1062 577 1174 616; x_wconf 92' lang='lat' dir='ltr'>fuerit</span> <span class='ocrx_word' id='word_1_103' title='bbox 1193 577 1228 616; x_wconf 86' lang='lat' dir='ltr'>ei</span> 
     </span>
     <span class='ocr_line' id='line_1_29' title="bbox 811 640 1264 690; baseline 0.004 -13"><span class='ocrx_word' id='word_1_104' title='bbox 811 652 835 677; x_wconf 90' lang='lat' dir='ltr'>a</span> <span class='ocrx_word' id='word_1_105' title='bbox 846 646 955 690; x_wconf 89' lang='lat' dir='ltr'>patre</span> <span class='ocrx_word' id='word_1_106' title='bbox 968 652 1070 678; x_wconf 88' lang='lat' dir='ltr'>meo·</span> <span class='ocrx_word' id='word_1_107' title='bbox 1091 640 1186 678; x_wconf 72' lang='grc' dir='ltr'>66ΕΧ</span> <span class='ocrx_word' id='word_1_108' title='bbox 1194 640 1264 679; x_wconf 81' lang='lat' dir='ltr'>h00</span> 
     </span>
     <span class='ocr_line' id='line_1_30' title="bbox 811 702 1179 742; baseline 0.005 -3"><span class='ocrx_word' id='word_1_109' title='bbox 811 702 922 740; x_wconf 89' lang='lat' dir='ltr'>multi</span> <span class='ocrx_word' id='word_1_110' title='bbox 940 710 1179 742; x_wconf 90' lang='lat' dir='ltr'>recesserunt</span> 
     </span>
    </p>

    <p class='ocr_par' dir='ltr' id='par_1_11' title="bbox 810 765 1173 866">
     <span class='ocr_line' id='line_1_31' title="bbox 810 765 1173 815; baseline 0.003 -12"><span class='ocrx_word' id='word_1_111' title='bbox 810 777 858 803; x_wconf 89' lang='lat' dir='ltr'>ex</span> <span class='ocrx_word' id='word_1_112' title='bbox 879 765 1075 815; x_wconf 87' lang='lat' dir='ltr'>discipulis</span> <span class='ocrx_word' id='word_1_113' title='bbox 1092 766 1173 804; x_wconf 88' lang='lat' dir='ltr'>eius</span> 
     </span>
     <span class='ocr_line' id='line_1_32' title="bbox 810 828 1162 866; baseline 0.003 -1"><span class='ocrx_word' id='word_1_114' title='bbox 810 835 910 866; x_wconf 90' lang='lat' dir='ltr'>retro</span> <span class='ocrx_word' id='word_1_115' title='bbox 931 834 969 865; x_wconf 92' lang='lat' dir='ltr'>et</span> <span class='ocrx_word' id='word_1_116' title='bbox 987 840 1078 866; x_wconf 91' lang='lat' dir='ltr'>cum</span> <span class='ocrx_word' id='word_1_117' title='bbox 1097 828 1162 866; x_wconf 94' lang='lat' dir='ltr'>illo</span> 
     </span>
    </p>

    <p class='ocr_par' dir='ltr' id='par_1_12' title="bbox 810 891 1181 929">
     <span class='ocr_line' id='line_1_33' title="bbox 810 891 1181 929; baseline 0.005 -2"><span class='ocrx_word' id='word_1_118' title='bbox 810 902 890 929; x_wconf 91' lang='lat' dir='ltr'>non</span> <span class='ocrx_word' id='word_1_119' title='bbox 911 891 1158 929; x_wconf 83' lang='lat' dir='ltr'>ambulabant</span> <span class='ocrx_word' id='word_1_120' title='bbox 1173 912 1181 920; x_wconf 94' lang='lat'><strong>·</strong></span> 
     </span>
    </p>

    <p class='ocr_par' dir='ltr' id='par_1_13' title="bbox 810 953 1265 1067">
     <span class='ocr_line' id='line_1_34' title="bbox 810 953 1265 1003; baseline 0.004 -13"><span class='ocrx_word' id='word_1_121' title='bbox 810 953 838 974; x_wconf 78' lang='lat'>⁶⁷</span> <span class='ocrx_word' id='word_1_122' title='bbox 845 953 953 992; x_wconf 86' lang='lat' dir='ltr'>Dixit</span> <span class='ocrx_word' id='word_1_123' title='bbox 964 966 1059 1003; x_wconf 87' lang='lat' dir='ltr'>ergo</span> <span class='ocrx_word' id='word_1_124' title='bbox 1074 954 1133 992; x_wconf 84' lang='lat' dir='ltr'>ihs</span> <span class='ocrx_word' id='word_1_125' title='bbox 1150 953 1199 991; x_wconf 90' lang='lat' dir='ltr'>ad</span> <span class='ocrx_word' id='word_1_126' title='bbox 1213 953 1265 992; x_wconf 93' lang='lat' dir='ltr'>du</span> 
     </span>
     <span class='ocr_line' id='line_1_35' title="bbox 810 1015 1203 1067; baseline 0.003 -14"><span class='ocrx_word' id='word_1_127' title='bbox 810 1015 964 1053; x_wconf 91' lang='lat' dir='ltr'>odecim</span> <span class='ocrx_word' id='word_1_128' title='bbox 1011 1016 1203 1067; x_wconf 87' lang='lat' dir='ltr'>numquid</span> 
     </span>
    </p>

    <p class='ocr_par' dir='ltr' id='par_1_14' title="bbox 809 1078 1143 1116">
     <span class='ocr_line' id='line_1_36' title="bbox 809 1078 1143 1116; baseline -0.003 0"><span class='ocrx_word' id='word_1_129' title='bbox 809 1084 847 1116; x_wconf 91' lang='lat' dir='ltr'>et</span> <span class='ocrx_word' id='word_1_130' title='bbox 866 1090 939 1116; x_wconf 91' lang='lat' dir='ltr'>uos</span> <span class='ocrx_word' id='word_1_131' title='bbox 957 1078 1070 1116; x_wconf 90' lang='lat' dir='ltr'>uultis</span> <span class='ocrx_word' id='word_1_132' title='bbox 1089 1078 1143 1116; x_wconf 94' lang='lat' dir='ltr'>ire</span> 
     </span>
    </p>

    <p class='ocr_par' dir='ltr' id='par_1_15' title="bbox 808 1139 1259 1366">
     <span class='ocr_line' id='line_1_37' title="bbox 808 1139 1251 1191; baseline 0.002 -14"><span class='ocrx_word' id='word_1_133' title='bbox 808 1139 837 1161; x_wconf 77' lang='lat'>⁶⁸</span> <span class='ocrx_word' id='word_1_134' title='bbox 850 1139 1068 1190; x_wconf 85' lang='lat' dir='ltr'>Respondit</span> <span class='ocrx_word' id='word_1_135' title='bbox 1087 1153 1180 1191; x_wconf 90' lang='lat' dir='ltr'>ergo</span> <span class='ocrx_word' id='word_1_136' title='bbox 1199 1141 1251 1180; x_wconf 93' lang='lat' dir='ltr'>illi</span> 
     </span>
     <span class='ocr_line' id='line_1_38' title="bbox 809 1203 1259 1252; baseline 0.002 -11"><span class='ocrx_word' id='word_1_137' title='bbox 809 1203 937 1241; x_wconf 92' lang='lat' dir='ltr'>simon</span> <span class='ocrx_word' id='word_1_138' title='bbox 957 1209 1087 1252; x_wconf 91' lang='lat' dir='ltr'>petrus</span> <span class='ocrx_word' id='word_1_139' title='bbox 1101 1223 1110 1232; x_wconf 92' lang='lat'><strong>·</strong></span> <span class='ocrx_word' id='word_1_140' title='bbox 1158 1203 1233 1242; x_wconf 83' lang='lat' dir='ltr'>dfie</span> <span class='ocrx_word' id='word_1_141' title='bbox 1250 1224 1259 1234; x_wconf 91' lang='lat'><strong>·</strong></span> 
     </span>
     <span class='ocr_line' id='line_1_39' title="bbox 809 1265 1156 1315; baseline 0.003 -13"><span class='ocrx_word' id='word_1_142' title='bbox 809 1265 859 1302; x_wconf 88' lang='lat' dir='ltr'>ad</span> <span class='ocrx_word' id='word_1_143' title='bbox 879 1277 997 1315; x_wconf 90' lang='lat' dir='ltr'>quem</span> <span class='ocrx_word' id='word_1_144' title='bbox 1015 1265 1156 1303; x_wconf 88' lang='lat' dir='ltr'>ibimus</span> 
     </span>
     <span class='ocr_line' id='line_1_40' title="bbox 808 1328 1172 1366; baseline 0.003 -1"><span class='ocrx_word' id='word_1_145' title='bbox 808 1328 928 1365; x_wconf 91' lang='lat' dir='ltr'>uerba</span> <span class='ocrx_word' id='word_1_146' title='bbox 947 1328 1047 1366; x_wconf 90' lang='lat' dir='ltr'>uitae</span> <span class='ocrx_word' id='word_1_147' title='bbox 1067 1334 1172 1366; x_wconf 90' lang='lat' dir='ltr'>aeter</span> 
     </span>
    </p>

    <p class='ocr_par' dir='ltr' id='par_1_16' title="bbox 807 1390 1242 1566">
     <span class='ocr_line' id='line_1_41' title="bbox 809 1390 1242 1430; baseline 0.005 -2"><span class='ocrx_word' id='word_1_148' title='bbox 809 1402 859 1428; x_wconf 90' lang='lat' dir='ltr'>ne</span> <span class='ocrx_word' id='word_1_149' title='bbox 878 1390 1000 1428; x_wconf 91' lang='lat' dir='ltr'>habes</span> <span class='ocrx_word' id='word_1_150' title='bbox 1014 1412 1022 1420; x_wconf 93' lang='lat'><em>-</em></span> <span class='ocrx_word' id='word_1_151' title='bbox 1059 1391 1086 1412; x_wconf 75' lang='lat'>⁶⁹</span> <span class='ocrx_word' id='word_1_152' title='bbox 1098 1390 1149 1428; x_wconf 91' lang='lat' dir='ltr'>Et</span> <span class='ocrx_word' id='word_1_153' title='bbox 1168 1403 1242 1430; x_wconf 85' lang='lat' dir='ltr'>nos</span> 
     </span>
     <span class='ocr_line' id='line_1_42' title="bbox 809 1452 1194 1503; baseline 0.003 -12"><span class='ocrx_word' id='word_1_154' title='bbox 809 1452 1042 1492; x_wconf 90' lang='lat' dir='ltr'>credidimus</span> <span class='ocrx_word' id='word_1_155' title='bbox 1061 1459 1099 1492; x_wconf 90' lang='lat' dir='ltr'>et</span> <span class='ocrx_word' id='word_1_156' title='bbox 1118 1466 1194 1503; x_wconf 87' lang='lat' dir='ltr'>cog</span> 
     </span>
     <span class='ocr_line' id='line_1_43' title="bbox 807 1516 1224 1566; baseline 0.005 -13"><span class='ocrx_word' id='word_1_157' title='bbox 807 1516 989 1554; x_wconf 92' lang='lat' dir='ltr'>nouimus</span> <span class='ocrx_word' id='word_1_158' title='bbox 1009 1520 1102 1566; x_wconf 77' lang='lat' dir='ltr'>qfim</span> <span class='ocrx_word' id='word_1_159' title='bbox 1123 1523 1164 1554; x_wconf 93' lang='lat' dir='ltr'>tu</span> <span class='ocrx_word' id='word_1_160' title='bbox 1183 1529 1224 1555; x_wconf 90' lang='lat' dir='ltr'>es</span> 
     </span>
    </p>
   </div>
   <div class='ocr_carea' id='block_1_7' title="bbox 807 1751 1177 1802">
    <p class='ocr_par' dir='ltr' id='par_1_17' title="bbox 807 1751 1177 1802">
     <span class='ocr_line' id='line_1_44' title="bbox 807 1751 1177 1802; baseline -0.003 -12"><span class='ocrx_word' id='word_1_161' title='bbox 807 1755 882 1802; x_wconf 72' lang='lat' dir='ltr'>xps</span> <span class='ocrx_word' id='word_1_162' title='bbox 901 1752 999 1790; x_wconf 88' lang='lat' dir='ltr'>filius</span> <span class='ocrx_word' id='word_1_163' title='bbox 1019 1751 1058 1790; x_wconf 86' lang='lat' dir='ltr'>di</span> <span class='ocrx_word' id='word_1_164' title='bbox 1075 1752 1177 1790; x_wconf 91' lang='lat' dir='ltr'>uiui·</span> 
     </span>
    </p>
   </div>
   <div class='ocr_carea' id='block_1_8' title="bbox 307 1814 1271 1870">
    <p class='ocr_par' dir='ltr' id='par_1_18' title="bbox 307 1814 1271 1870">
     <span class='ocr_line' id='line_1_45' title="bbox 307 1814 1271 1870; baseline -0.004 -13"><span class='ocrx_word' id='word_1_165' title='bbox 307 1821 356 1859; x_wconf 88' lang='lat' dir='ltr'>de</span> <span class='ocrx_word' id='word_1_166' title='bbox 377 1820 453 1859; x_wconf 91' lang='lat' dir='ltr'>hoc</span> <span class='ocrx_word' id='word_1_167' title='bbox 474 1820 651 1870; x_wconf 88' lang='lat' dir='ltr'>discipuli</span> <span class='ocrx_word' id='word_1_168' title='bbox 667 1821 748 1858; x_wconf 88' lang='lat' dir='ltr'>eius</span> <span class='ocrx_word' id='word_1_169' title='bbox 763 1841 771 1850; x_wconf 89' lang='lat'><em>-</em></span> <span class='ocrx_word' id='word_1_170' title='bbox 790 1815 821 1836; x_wconf 86' lang='lat'>⁷⁰</span> <span class='ocrx_word' id='word_1_171' title='bbox 829 1814 1271 1865; x_wconf 79' lang='lat' dir='ltr'>Responditilliihs·non</span> 
     </span>
    </p>
   </div>
   <div class='ocr_carea' id='block_1_9' title="bbox 303 1883 773 2987">
    <p class='ocr_par' dir='ltr' id='par_1_19' title="bbox 303 1883 773 2622">
     <span class='ocr_line' id='line_1_46' title="bbox 307 1883 681 1921; baseline 0.003 -1"><span class='ocrx_word' id='word_1_172' title='bbox 307 1883 402 1921; x_wconf 88' lang='lat' dir='ltr'>dixit</span> <span class='ocrx_word' id='word_1_173' title='bbox 420 1883 492 1921; x_wconf 88' lang='lat' dir='ltr'>illis</span> <span class='ocrx_word' id='word_1_174' title='bbox 512 1883 588 1921; x_wconf 94' lang='lat' dir='ltr'>hoc</span> <span class='ocrx_word' id='word_1_175' title='bbox 607 1895 681 1921; x_wconf 93' lang='lat' dir='ltr'>uos</span> 
     </span>
     <span class='ocr_line' id='line_1_47' title="bbox 307 1945 745 1995; baseline 0 -11"><span class='ocrx_word' id='word_1_176' title='bbox 307 1945 543 1984; x_wconf 90' lang='lat' dir='ltr'>scandalizat</span> <span class='ocrx_word' id='word_1_177' title='bbox 556 1966 565 1975; x_wconf 92' lang='lat'><strong>·</strong></span> <span class='ocrx_word' id='word_1_178' title='bbox 614 1945 642 1967; x_wconf 76' lang='lat'>⁶2</span> <span class='ocrx_word' id='word_1_179' title='bbox 651 1945 745 1995; x_wconf 92' lang='lat' dir='ltr'>quid</span> 
     </span>
     <span class='ocr_line' id='line_1_48' title="bbox 306 2007 668 2046; baseline -0.003 0"><span class='ocrx_word' id='word_1_180' title='bbox 306 2008 339 2046; x_wconf 92' lang='lat' dir='ltr'>si</span> <span class='ocrx_word' id='word_1_181' title='bbox 357 2008 526 2046; x_wconf 90' lang='lat' dir='ltr'>uideritis</span> <span class='ocrx_word' id='word_1_182' title='bbox 546 2007 668 2045; x_wconf 91' lang='lat' dir='ltr'>filium</span> 
     </span>
     <span class='ocr_line' id='line_1_49' title="bbox 304 2070 717 2109; baseline -0.002 -1"><span class='ocrx_word' id='word_1_183' title='bbox 304 2070 474 2109; x_wconf 89' lang='lat' dir='ltr'>hominis</span> <span class='ocrx_word' id='word_1_184' title='bbox 521 2070 717 2109; x_wconf 90' lang='lat' dir='ltr'>ascenden</span> 
     </span>
     <span class='ocr_line' id='line_1_50' title="bbox 303 2133 772 2183; baseline -0.004 -11"><span class='ocrx_word' id='word_1_185' title='bbox 303 2139 385 2172; x_wconf 90' lang='lat' dir='ltr'>tem</span> <span class='ocrx_word' id='word_1_186' title='bbox 403 2134 470 2172; x_wconf 92' lang='lat' dir='ltr'>ubi</span> <span class='ocrx_word' id='word_1_187' title='bbox 490 2139 570 2172; x_wconf 89' lang='lat' dir='ltr'>erat</span> <span class='ocrx_word' id='word_1_188' title='bbox 589 2133 750 2183; x_wconf 67' lang='lat' dir='ltr'>primu*</span> <span class='ocrx_word' id='word_1_189' title='bbox 763 2153 772 2162; x_wconf 93' lang='lat'><strong>·</strong></span> 
     </span>
     <span class='ocr_line' id='line_1_51' title="bbox 303 2195 755 2246; baseline -0.007 -11"><span class='ocrx_word' id='word_1_190' title='bbox 303 2196 332 2218; x_wconf 78' lang='lat'>⁶³</span> <span class='ocrx_word' id='word_1_191' title='bbox 345 2200 412 2246; x_wconf 72' lang='lat' dir='ltr'>sps</span> <span class='ocrx_word' id='word_1_192' title='bbox 431 2202 490 2235; x_wconf 90' lang='lat' dir='ltr'>est</span> <span class='ocrx_word' id='word_1_193' title='bbox 508 2196 611 2235; x_wconf 90' lang='lat' dir='ltr'>enim</span> <span class='ocrx_word' id='word_1_194' title='bbox 630 2196 697 2245; x_wconf 92' lang='lat' dir='ltr'>qui</span> <span class='ocrx_word' id='word_1_195' title='bbox 715 2195 755 2233; x_wconf 93' lang='lat' dir='ltr'>ui</span> 
     </span>
     <span class='ocr_line' id='line_1_52' title="bbox 303 2259 694 2298; baseline -0.003 -1"><span class='ocrx_word' id='word_1_196' title='bbox 303 2260 434 2298; x_wconf 90' lang='lat' dir='ltr'>uificat</span> <span class='ocrx_word' id='word_1_197' title='bbox 489 2271 579 2298; x_wconf 88' lang='lat' dir='ltr'>caro</span> <span class='ocrx_word' id='word_1_198' title='bbox 600 2259 694 2297; x_wconf 91' lang='lat' dir='ltr'>nihil</span> 
     </span>
     <span class='ocr_line' id='line_1_53' title="bbox 303 2322 683 2372; baseline -0.003 -12"><span class='ocrx_word' id='word_1_199' title='bbox 303 2322 463 2372; x_wconf 90' lang='lat' dir='ltr'>prodest</span> <span class='ocrx_word' id='word_1_200' title='bbox 479 2343 488 2352; x_wconf 92' lang='lat'><strong>·</strong></span> <span class='ocrx_word' id='word_1_201' title='bbox 506 2343 514 2352; x_wconf 91' lang='lat'><em>·</em></span> <span class='ocrx_word' id='word_1_202' title='bbox 563 2323 683 2360; x_wconf 88' lang='lat' dir='ltr'>uerba</span> 
     </span>
     <span class='ocr_line' id='line_1_54' title="bbox 303 2384 736 2435; baseline -0.002 -12"><span class='ocrx_word' id='word_1_203' title='bbox 303 2397 403 2435; x_wconf 87' lang='lat' dir='ltr'>quae</span> <span class='ocrx_word' id='word_1_204' title='bbox 422 2396 499 2434; x_wconf 90' lang='lat' dir='ltr'>ego</span> <span class='ocrx_word' id='word_1_205' title='bbox 517 2384 670 2423; x_wconf 91' lang='lat' dir='ltr'>locutus</span> <span class='ocrx_word' id='word_1_206' title='bbox 690 2387 736 2422; x_wconf 76' lang='lat' dir='ltr'>ssi</span> 
     </span>
     <span class='ocr_line' id='line_1_55' title="bbox 306 2447 731 2496; baseline -0.002 -11"><span class='ocrx_word' id='word_1_207' title='bbox 306 2447 421 2485; x_wconf 89' lang='lat' dir='ltr'>uobis</span> <span class='ocrx_word' id='word_1_208' title='bbox 435 2467 444 2477; x_wconf 89' lang='lat'><strong>·</strong></span> <span class='ocrx_word' id='word_1_209' title='bbox 493 2450 559 2496; x_wconf 70' lang='lat' dir='ltr'>sps</span> <span class='ocrx_word' id='word_1_210' title='bbox 579 2453 637 2484; x_wconf 89' lang='lat' dir='ltr'>est</span> <span class='ocrx_word' id='word_1_211' title='bbox 692 2452 731 2485; x_wconf 91' lang='lat' dir='ltr'>et</span> 
     </span>
     <span class='ocr_line' id='line_1_56' title="bbox 305 2508 773 2547; baseline 0 0"><span class='ocrx_word' id='word_1_212' title='bbox 305 2509 386 2547; x_wconf 86' lang='lat' dir='ltr'>uita</span> <span class='ocrx_word' id='word_1_213' title='bbox 405 2516 463 2547; x_wconf 89' lang='lat' dir='ltr'>est</span> <span class='ocrx_word' id='word_1_214' title='bbox 477 2530 485 2539; x_wconf 93' lang='lat'><strong>·</strong></span> <span class='ocrx_word' id='word_1_215' title='bbox 515 2509 545 2530; x_wconf 77' lang='lat'>⁶⁴</span> <span class='ocrx_word' id='word_1_216' title='bbox 558 2508 636 2547; x_wconf 89' lang='lat' dir='ltr'>Sed</span> <span class='ocrx_word' id='word_1_217' title='bbox 655 2521 705 2547; x_wconf 88' lang='lat' dir='ltr'>ex</span> <span class='ocrx_word' id='word_1_218' title='bbox 721 2520 773 2547; x_wconf 92' lang='lat' dir='ltr'>uo</span> 
     </span>
     <span class='ocr_line' id='line_1_57' title="bbox 304 2571 651 2622; baseline -0.003 -13"><span class='ocrx_word' id='word_1_219' title='bbox 304 2571 366 2609; x_wconf 93' lang='lat' dir='ltr'>bis</span> <span class='ocrx_word' id='word_1_220' title='bbox 385 2578 475 2610; x_wconf 89' lang='lat' dir='ltr'>sunt</span> <span class='ocrx_word' id='word_1_221' title='bbox 493 2571 651 2622; x_wconf 91' lang='lat' dir='ltr'>quidam</span> 
     </span>
    </p>

    <p class='ocr_par' dir='ltr' id='par_1_20' title="bbox 306 2634 730 2860">
     <span class='ocr_line' id='line_1_58' title="bbox 309 2634 681 2684; baseline -0.003 -13"><span class='ocrx_word' id='word_1_222' title='bbox 309 2634 376 2684; x_wconf 89' lang='lat' dir='ltr'>qui</span> <span class='ocrx_word' id='word_1_223' title='bbox 394 2646 476 2672; x_wconf 88' lang='lat' dir='ltr'>non</span> <span class='ocrx_word' id='word_1_224' title='bbox 495 2634 658 2672; x_wconf 91' lang='lat' dir='ltr'>credunt</span> <span class='ocrx_word' id='word_1_225' title='bbox 672 2654 681 2664; x_wconf 88' lang='lat'><strong>·</strong></span> 
     </span>
     <span class='ocr_line' id='line_1_59' title="bbox 309 2696 730 2734; baseline -0.002 0"><span class='ocrx_word' id='word_1_226' title='bbox 309 2696 464 2734; x_wconf 88' lang='lat' dir='ltr'>Sciebat</span> <span class='ocrx_word' id='word_1_227' title='bbox 482 2696 587 2734; x_wconf 89' lang='lat' dir='ltr'>enim</span> <span class='ocrx_word' id='word_1_228' title='bbox 606 2696 656 2733; x_wconf 91' lang='lat' dir='ltr'>ab</span> <span class='ocrx_word' id='word_1_229' title='bbox 675 2696 730 2733; x_wconf 90' lang='lat' dir='ltr'>ini</span> 
     </span>
     <span class='ocr_line' id='line_1_60' title="bbox 306 2758 725 2808; baseline 0 -11"><span class='ocrx_word' id='word_1_230' title='bbox 306 2759 362 2798; x_wconf 92' lang='lat' dir='ltr'>tio</span> <span class='ocrx_word' id='word_1_231' title='bbox 381 2759 440 2797; x_wconf 77' lang='lat' dir='ltr'>ihs</span> <span class='ocrx_word' id='word_1_232' title='bbox 496 2758 562 2808; x_wconf 93' lang='lat' dir='ltr'>qui</span> <span class='ocrx_word' id='word_1_233' title='bbox 581 2771 662 2797; x_wconf 92' lang='lat' dir='ltr'>non</span> <span class='ocrx_word' id='word_1_234' title='bbox 682 2770 725 2797; x_wconf 90' lang='lat' dir='ltr'>es</span> 
     </span>
     <span class='ocr_line' id='line_1_61' title="bbox 309 2821 619 2860; baseline -0.006 0"><span class='ocrx_word' id='word_1_235' title='bbox 309 2829 395 2860; x_wconf 90' lang='lat' dir='ltr'>sent</span> <span class='ocrx_word' id='word_1_236' title='bbox 414 2821 593 2860; x_wconf 87' lang='lat' dir='ltr'>credituri</span> <span class='ocrx_word' id='word_1_237' title='bbox 610 2842 619 2851; x_wconf 94' lang='lat'><strong>·</strong></span> 
     </span>
    </p>

    <p class='ocr_par' dir='ltr' id='par_1_21' title="bbox 309 2883 740 2987">
     <span class='ocr_line' id='line_1_62' title="bbox 309 2883 740 2935; baseline -0.007 -11"><span class='ocrx_word' id='word_1_238' title='bbox 309 2892 347 2924; x_wconf 92' lang='lat' dir='ltr'>et</span> <span class='ocrx_word' id='word_1_239' title='bbox 367 2885 433 2935; x_wconf 90' lang='lat' dir='ltr'>qui</span> <span class='ocrx_word' id='word_1_240' title='bbox 453 2893 554 2922; x_wconf 90' lang='lat' dir='ltr'>esset</span> <span class='ocrx_word' id='word_1_241' title='bbox 574 2883 640 2934; x_wconf 93' lang='lat' dir='ltr'>qui</span> <span class='ocrx_word' id='word_1_242' title='bbox 659 2890 740 2922; x_wconf 63' lang='lat' dir='ltr'>eu-</span> 
     </span>
     <span class='ocr_line' id='line_1_63' title="bbox 309 2947 614 2987; baseline -0.01 -1"><span class='ocrx_word' id='word_1_243' title='bbox 309 2954 391 2987; x_wconf 86' lang='lat' dir='ltr'>erat</span> <span class='ocrx_word' id='word_1_244' title='bbox 408 2947 614 2986; x_wconf 88' lang='lat' dir='ltr'>traditurus</span> 
     </span>
    </p>
   </div>
   <div class='ocr_carea' id='block_1_10' title="bbox 805 1877 1275 2355">
    <p class='ocr_par' dir='ltr' id='par_1_22' title="bbox 805 1877 1275 2355">
     <span class='ocr_line' id='line_1_64' title="bbox 808 1877 1193 1927; baseline -0.003 -11"><span class='ocrx_word' id='word_1_245' title='bbox 808 1889 858 1916; x_wconf 90' lang='lat' dir='ltr'>ne</span> <span class='ocrx_word' id='word_1_246' title='bbox 877 1889 952 1927; x_wconf 89' lang='lat' dir='ltr'>ego</span> <span class='ocrx_word' id='word_1_247' title='bbox 971 1889 1043 1915; x_wconf 90' lang='lat' dir='ltr'>uos</span> <span class='ocrx_word' id='word_1_248' title='bbox 1063 1877 1193 1915; x_wconf 90' lang='lat' dir='ltr'>duode</span> 
     </span>
     <span class='ocr_line' id='line_1_65' title="bbox 808 1940 1246 1990; baseline 0 -12"><span class='ocrx_word' id='word_1_249' title='bbox 808 1940 884 1979; x_wconf 90' lang='lat' dir='ltr'>cim</span> <span class='ocrx_word' id='word_1_250' title='bbox 903 1940 1003 1990; x_wconf 90' lang='lat' dir='ltr'>elegi</span> <span class='ocrx_word' id='word_1_251' title='bbox 1023 1946 1060 1978; x_wconf 91' lang='lat' dir='ltr'>et</span> <span class='ocrx_word' id='word_1_252' title='bbox 1078 1952 1178 1978; x_wconf 91' lang='lat' dir='ltr'>unus</span> <span class='ocrx_word' id='word_1_253' title='bbox 1197 1952 1246 1978; x_wconf 90' lang='lat' dir='ltr'>ex</span> 
     </span>
     <span class='ocr_line' id='line_1_66' title="bbox 807 2002 1215 2041; baseline 0 -1"><span class='ocrx_word' id='word_1_254' title='bbox 807 2003 918 2041; x_wconf 91' lang='lat' dir='ltr'>uobis</span> <span class='ocrx_word' id='word_1_255' title='bbox 939 2002 1114 2041; x_wconf 90' lang='lat' dir='ltr'>diabolus</span> <span class='ocrx_word' id='word_1_256' title='bbox 1133 2009 1191 2040; x_wconf 91' lang='lat' dir='ltr'>est</span> <span class='ocrx_word' id='word_1_257' title='bbox 1207 2023 1215 2032; x_wconf 93' lang='lat'><strong>·</strong></span> 
     </span>
     <span class='ocr_line' id='line_1_67' title="bbox 805 2064 1275 2104; baseline -0.002 -1"><span class='ocrx_word' id='word_1_258' title='bbox 805 2064 1000 2104; x_wconf 76' lang='lat' dir='ltr'>71Dicebat</span> <span class='ocrx_word' id='word_1_259' title='bbox 1013 2072 1142 2103; x_wconf 87' lang='lat' dir='ltr'>autern</span> <span class='ocrx_word' id='word_1_260' title='bbox 1154 2065 1275 2103; x_wconf 83' lang='lat' dir='ltr'>iuda-</span> 
     </span>
     <span class='ocr_line' id='line_1_68' title="bbox 808 2127 1208 2167; baseline -0.003 0"><span class='ocrx_word' id='word_1_261' title='bbox 808 2128 999 2167; x_wconf 90' lang='lat' dir='ltr'>simonem</span> <span class='ocrx_word' id='word_1_262' title='bbox 1019 2127 1208 2166; x_wconf 73' lang='lat' dir='ltr'>scariothe</span> 
     </span>
     <span class='ocr_line' id='line_1_69' title="bbox 809 2190 1236 2229; baseline 0 -1"><span class='ocrx_word' id='word_1_263' title='bbox 809 2190 888 2228; x_wconf 91' lang='lat' dir='ltr'>Hic</span> <span class='ocrx_word' id='word_1_264' title='bbox 909 2191 1013 2229; x_wconf 91' lang='lat' dir='ltr'>enim</span> <span class='ocrx_word' id='word_1_265' title='bbox 1032 2191 1236 2229; x_wconf 89' lang='lat' dir='ltr'>traditurus</span> 
     </span>
     <span class='ocr_line' id='line_1_70' title="bbox 806 2253 1201 2292; baseline 0 -1"><span class='ocrx_word' id='word_1_266' title='bbox 806 2260 888 2292; x_wconf 91' lang='lat' dir='ltr'>erat</span> <span class='ocrx_word' id='word_1_267' title='bbox 906 2253 1013 2292; x_wconf 89' lang='lat' dir='ltr'>illum</span> <span class='ocrx_word' id='word_1_268' title='bbox 1031 2265 1132 2291; x_wconf 89' lang='lat' dir='ltr'>unus</span> <span class='ocrx_word' id='word_1_269' title='bbox 1152 2257 1201 2291; x_wconf 77' lang='grc' dir='ltr'>οῦ</span> 
     </span>
     <span class='ocr_line' id='line_1_71' title="bbox 807 2315 1264 2355; baseline -0.002 -1"><span class='ocrx_word' id='word_1_270' title='bbox 807 2323 908 2355; x_wconf 89' lang='lat' dir='ltr'>esset</span> <span class='ocrx_word' id='word_1_271' title='bbox 928 2328 976 2355; x_wconf 91' lang='lat' dir='ltr'>ex</span> <span class='ocrx_word' id='word_1_272' title='bbox 992 2315 1264 2354; x_wconf 79' lang='lat' dir='ltr'>duodecim-</span> 
     </span>
    </p>
   </div>
   <div class='ocr_carea' id='block_1_11' title="bbox 847 2395 1230 2412">
    <p class='ocr_par' dir='ltr' id='par_1_23' title="bbox 847 2395 1230 2412">
     <span class='ocr_line' id='line_1_72' title="bbox 847 2395 1230 2412; baseline 0 0"><span class='ocrx_word' id='word_1_273' title='bbox 847 2395 1230 2412; x_wconf 46' lang='lat' dir='ltr'>mmmm</span> 
     </span>
    </p>
   </div>
   <div class='ocr_carea' id='block_1_12' title="bbox 768 2440 1257 2482">
    <p class='ocr_par' dir='ltr' id='par_1_24' title="bbox 768 2440 1257 2482">
     <span class='ocr_line' id='line_1_73' title="bbox 768 2440 1257 2482; baseline -0.002 -3"><span class='ocrx_word' id='word_1_274' title='bbox 768 2470 780 2479; x_wconf 80' lang='grc'><em>.</em></span> <span class='ocrx_word' id='word_1_275' title='bbox 808 2446 845 2482; x_wconf 88' lang='grc'>7.</span> <span class='ocrx_word' id='word_1_276' title='bbox 865 2441 937 2479; x_wconf 86' lang='lat' dir='ltr'>¹Et</span> <span class='ocrx_word' id='word_1_277' title='bbox 957 2441 1179 2480; x_wconf 88' lang='lat' dir='ltr'>ambulabat</span> <span class='ocrx_word' id='word_1_278' title='bbox 1198 2440 1257 2478; x_wconf 84' lang='lat' dir='ltr'>ihs</span> 
     </span>
    </p>
   </div>
   <div class='ocr_carea' id='block_1_13' title="bbox 808 2503 1262 2979">
    <p class='ocr_par' dir='ltr' id='par_1_25' title="bbox 809 2503 1262 2605">
     <span class='ocr_line' id='line_1_74' title="bbox 809 2503 1262 2554; baseline -0.004 -12"><span class='ocrx_word' id='word_1_279' title='bbox 809 2511 900 2554; x_wconf 91' lang='lat' dir='ltr'>post</span> <span class='ocrx_word' id='word_1_280' title='bbox 919 2503 990 2542; x_wconf 94' lang='lat' dir='ltr'>hec</span> <span class='ocrx_word' id='word_1_281' title='bbox 1007 2504 1047 2540; x_wconf 94' lang='lat' dir='ltr'>in</span> <span class='ocrx_word' id='word_1_282' title='bbox 1061 2503 1241 2553; x_wconf 88' lang='lat' dir='ltr'>galileam</span> <span class='ocrx_word' id='word_1_283' title='bbox 1254 2524 1262 2532; x_wconf 95' lang='lat'>-</span> 
     </span>
     <span class='ocr_line' id='line_1_75' title="bbox 809 2566 1190 2605; baseline -0.003 -1"><span class='ocrx_word' id='word_1_284' title='bbox 809 2579 890 2605; x_wconf 91' lang='lat' dir='ltr'>non</span> <span class='ocrx_word' id='word_1_285' title='bbox 910 2566 1014 2604; x_wconf 91' lang='lat' dir='ltr'>enim</span> <span class='ocrx_word' id='word_1_286' title='bbox 1033 2566 1190 2604; x_wconf 92' lang='lat' dir='ltr'>uolebat</span> 
     </span>
    </p>

    <p class='ocr_par' dir='ltr' id='par_1_26' title="bbox 808 2621 1219 2979">
     <span class='ocr_line' id='line_1_76' title="bbox 810 2621 1202 2667; baseline -0.005 0"><span class='ocrx_word' id='word_1_287' title='bbox 810 2629 851 2667; x_wconf 90' lang='lat' dir='ltr'>in</span> <span class='ocrx_word' id='word_1_288' title='bbox 871 2621 1026 2667; x_wconf 87' lang='lat' dir='ltr'>iudeam</span> <span class='ocrx_word' id='word_1_289' title='bbox 1046 2628 1202 2666; x_wconf 84' lang='lat' dir='ltr'>ambula</span> 
     </span>
     <span class='ocr_line' id='line_1_77' title="bbox 808 2695 1176 2740; baseline -0.005 -11"><span class='ocrx_word' id='word_1_290' title='bbox 808 2704 848 2729; x_wconf 93' lang='lat' dir='ltr'>re</span> <span class='ocrx_word' id='word_1_291' title='bbox 865 2711 874 2720; x_wconf 92' lang='lat'><strong>·</strong></span> <span class='ocrx_word' id='word_1_292' title='bbox 923 2695 1017 2740; x_wconf 70' lang='lat' dir='ltr'>qum</span> <span class='ocrx_word' id='word_1_293' title='bbox 1036 2702 1176 2740; x_wconf 90' lang='lat' dir='ltr'>quaere</span> 
     </span>
     <span class='ocr_line' id='line_1_78' title="bbox 809 2752 1218 2792; baseline -0.007 0"><span class='ocrx_word' id='word_1_294' title='bbox 809 2755 905 2792; x_wconf 89' lang='lat' dir='ltr'>bant</span> <span class='ocrx_word' id='word_1_295' title='bbox 924 2765 1013 2791; x_wconf 91' lang='lat' dir='ltr'>eum</span> <span class='ocrx_word' id='word_1_296' title='bbox 1033 2752 1158 2790; x_wconf 87' lang='lat' dir='ltr'>iudaei</span> <span class='ocrx_word' id='word_1_297' title='bbox 1177 2752 1218 2789; x_wconf 88' lang='lat' dir='ltr'>in</span> 
     </span>
     <span class='ocr_line' id='line_1_79' title="bbox 809 2812 1159 2854; baseline -0.003 -1"><span class='ocrx_word' id='word_1_298' title='bbox 809 2815 981 2854; x_wconf 88' lang='lat' dir='ltr'>terficere</span> <span class='ocrx_word' id='word_1_299' title='bbox 997 2835 1006 2844; x_wconf 92' lang='lat'><strong>·</strong></span> <span class='ocrx_word' id='word_1_300' title='bbox 1053 2812 1068 2833; x_wconf 75' lang='lat'>2</span> <span class='ocrx_word' id='word_1_301' title='bbox 1079 2820 1159 2852; x_wconf 90' lang='lat' dir='ltr'>erat</span> 
     </span>
     <span class='ocr_line' id='line_1_80' title="bbox 809 2877 1212 2927; baseline -0.007 -11"><span class='ocrx_word' id='word_1_302' title='bbox 809 2878 914 2916; x_wconf 90' lang='lat' dir='ltr'>enim</span> <span class='ocrx_word' id='word_1_303' title='bbox 933 2877 974 2915; x_wconf 91' lang='lat' dir='ltr'>in</span> <span class='ocrx_word' id='word_1_304' title='bbox 991 2877 1212 2927; x_wconf 88' lang='lat' dir='ltr'>proximum</span> 
     </span>
     <span class='ocr_line' id='line_1_81' title="bbox 813 2939 1219 2979; baseline -0.005 0"><span class='ocrx_word' id='word_1_305' title='bbox 813 2940 895 2979; x_wconf 92' lang='lat' dir='ltr'>dies</span> <span class='ocrx_word' id='word_1_306' title='bbox 915 2939 1111 2979; x_wconf 90' lang='lat' dir='ltr'>sollemnis</span> <span class='ocrx_word' id='word_1_307' title='bbox 1131 2939 1219 2977; x_wconf 88' lang='lat' dir='ltr'>iude</span> 
     </span>
    </p>
   </div>
   <div class='ocr_carea' id='block_1_14' title="bbox 1343 325 1797 1564">
    <p class='ocr_par' dir='ltr' id='par_1_27' title="bbox 1343 325 1797 1302">
     <span class='ocr_line' id='line_1_82' title="bbox 1345 325 1737 376; baseline -0.003 -12"><span class='ocrx_word' id='word_1_308' title='bbox 1345 337 1459 364; x_wconf 86' lang='lat' dir='ltr'>orum</span> <span class='ocrx_word' id='word_1_309' title='bbox 1479 325 1715 376; x_wconf 87' lang='lat' dir='ltr'>scenopegia</span> <span class='ocrx_word' id='word_1_310' title='bbox 1728 345 1737 355; x_wconf 89' lang='lat'><strong>·</strong></span> 
     </span>
     <span class='ocr_line' id='line_1_83' title="bbox 1345 387 1744 438; baseline 0 -12"><span class='ocrx_word' id='word_1_311' title='bbox 1345 388 1358 409; x_wconf 78' lang='lat'>³</span> <span class='ocrx_word' id='word_1_312' title='bbox 1370 388 1560 426; x_wconf 89' lang='lat' dir='ltr'>Dixerunt</span> <span class='ocrx_word' id='word_1_313' title='bbox 1580 400 1674 438; x_wconf 88' lang='lat' dir='ltr'>ergo</span> <span class='ocrx_word' id='word_1_314' title='bbox 1693 387 1744 426; x_wconf 92' lang='lat' dir='ltr'>ad</span> 
     </span>
     <span class='ocr_line' id='line_1_84' title="bbox 1343 451 1708 489; baseline 0.003 -1"><span class='ocrx_word' id='word_1_315' title='bbox 1343 463 1434 489; x_wconf 90' lang='lat' dir='ltr'>eum</span> <span class='ocrx_word' id='word_1_316' title='bbox 1453 451 1585 489; x_wconf 88' lang='lat' dir='ltr'>fratres</span> <span class='ocrx_word' id='word_1_317' title='bbox 1605 451 1686 489; x_wconf 92' lang='lat' dir='ltr'>eius</span> <span class='ocrx_word' id='word_1_318' title='bbox 1700 471 1708 481; x_wconf 93' lang='lat'><strong>·</strong></span> 
     </span>
     <span class='ocr_line' id='line_1_85' title="bbox 1344 513 1699 552; baseline 0 -1"><span class='ocrx_word' id='word_1_319' title='bbox 1344 514 1462 552; x_wconf 91' lang='lat' dir='ltr'>transi</span> <span class='ocrx_word' id='word_1_320' title='bbox 1481 513 1572 552; x_wconf 92' lang='lat' dir='ltr'>hinc</span> <span class='ocrx_word' id='word_1_321' title='bbox 1592 520 1630 551; x_wconf 91' lang='lat' dir='ltr'>et</span> <span class='ocrx_word' id='word_1_322' title='bbox 1647 525 1699 551; x_wconf 89' lang='lat' dir='ltr'>ua</span> 
     </span>
     <span class='ocr_line' id='line_1_86' title="bbox 1345 575 1731 614; baseline 0 -1"><span class='ocrx_word' id='word_1_323' title='bbox 1345 575 1385 613; x_wconf 92' lang='lat' dir='ltr'>in</span> <span class='ocrx_word' id='word_1_324' title='bbox 1406 575 1584 614; x_wconf 87' lang='lat' dir='ltr'>iudaeam</span> <span class='ocrx_word' id='word_1_325' title='bbox 1631 582 1673 613; x_wconf 90' lang='lat' dir='ltr'>ut</span> <span class='ocrx_word' id='word_1_326' title='bbox 1693 582 1731 614; x_wconf 90' lang='lat' dir='ltr'>et</span> 
     </span>
     <span class='ocr_line' id='line_1_87' title="bbox 1346 637 1704 688; baseline 0.003 -13"><span class='ocrx_word' id='word_1_327' title='bbox 1346 637 1523 688; x_wconf 90' lang='lat' dir='ltr'>discipuli</span> <span class='ocrx_word' id='word_1_328' title='bbox 1541 638 1595 676; x_wconf 91' lang='lat' dir='ltr'>tui</span> <span class='ocrx_word' id='word_1_329' title='bbox 1614 637 1704 676; x_wconf 89' lang='lat' dir='ltr'>uide</span> 
     </span>
     <span class='ocr_line' id='line_1_88' title="bbox 1346 699 1727 752; baseline 0.005 -15"><span class='ocrx_word' id='word_1_330' title='bbox 1346 705 1413 738; x_wconf 89' lang='lat' dir='ltr'>ant</span> <span class='ocrx_word' id='word_1_331' title='bbox 1431 712 1550 751; x_wconf 88' lang='lat' dir='ltr'>opera</span> <span class='ocrx_word' id='word_1_332' title='bbox 1569 713 1668 752; x_wconf 90' lang='lat' dir='ltr'>quae</span> <span class='ocrx_word' id='word_1_333' title='bbox 1688 699 1727 739; x_wconf 88' lang='lat' dir='ltr'>fa</span> 
     </span>
     <span class='ocr_line' id='line_1_89' title="bbox 1346 763 1747 802; baseline 0 -1"><span class='ocrx_word' id='word_1_334' title='bbox 1346 763 1401 801; x_wconf 92' lang='lat' dir='ltr'>cis</span> <span class='ocrx_word' id='word_1_335' title='bbox 1417 784 1426 793; x_wconf 90' lang='lat'><strong>·</strong></span> <span class='ocrx_word' id='word_1_336' title='bbox 1466 763 1481 784; x_wconf 73' lang='lat'><strong>⁴</strong></span> <span class='ocrx_word' id='word_1_337' title='bbox 1492 763 1622 802; x_wconf 90' lang='lat' dir='ltr'>Nemo</span> <span class='ocrx_word' id='word_1_338' title='bbox 1641 763 1747 802; x_wconf 91' lang='lat' dir='ltr'>enim</span> 
     </span>
     <span class='ocr_line' id='line_1_90' title="bbox 1345 825 1732 876; baseline 0.005 -14"><span class='ocrx_word' id='word_1_339' title='bbox 1345 825 1385 862; x_wconf 91' lang='lat' dir='ltr'>in</span> <span class='ocrx_word' id='word_1_340' title='bbox 1405 825 1556 863; x_wconf 90' lang='lat' dir='ltr'>occulto</span> <span class='ocrx_word' id='word_1_341' title='bbox 1576 825 1732 876; x_wconf 83' lang='lat' dir='ltr'>aliquid</span> 
     </span>
     <span class='ocr_line' id='line_1_91' title="bbox 1344 879 1743 939; baseline 0.005 -15"><span class='ocrx_word' id='word_1_342' title='bbox 1344 886 1436 925; x_wconf 91' lang='lat' dir='ltr'>facit</span> <span class='ocrx_word' id='word_1_343' title='bbox 1472 894 1510 925; x_wconf 91' lang='lat' dir='ltr'>et</span> <span class='ocrx_word' id='word_1_344' title='bbox 1529 879 1684 937; x_wconf 80' lang='lat' dir='ltr'>quaeret</span> <span class='ocrx_word' id='word_1_345' title='bbox 1703 889 1743 939; x_wconf 92' lang='lat' dir='ltr'>ip</span> 
     </span>
     <span class='ocr_line' id='line_1_92' title="bbox 1344 950 1698 1000; baseline 0.003 -12"><span class='ocrx_word' id='word_1_346' title='bbox 1344 962 1385 988; x_wconf 88' lang='lat' dir='ltr'>se</span> <span class='ocrx_word' id='word_1_347' title='bbox 1405 951 1444 987; x_wconf 92' lang='lat' dir='ltr'>in</span> <span class='ocrx_word' id='word_1_348' title='bbox 1463 950 1593 1000; x_wconf 87' lang='lat' dir='ltr'>palam</span> <span class='ocrx_word' id='word_1_349' title='bbox 1612 963 1698 989; x_wconf 89' lang='lat' dir='ltr'>esse</span> 
     </span>
     <span class='ocr_line' id='line_1_93' title="bbox 1345 1012 1797 1052; baseline 0.004 -2"><span class='ocrx_word' id='word_1_350' title='bbox 1345 1012 1386 1051; x_wconf 91' lang='lat' dir='ltr'>Si</span> <span class='ocrx_word' id='word_1_351' title='bbox 1405 1012 1500 1051; x_wconf 92' lang='lat' dir='ltr'>haec</span> <span class='ocrx_word' id='word_1_352' title='bbox 1520 1013 1615 1052; x_wconf 89' lang='lat' dir='ltr'>facis</span> <span class='ocrx_word' id='word_1_353' title='bbox 1634 1013 1797 1052; x_wconf 87' lang='lat' dir='ltr'>manifes</span> 
     </span>
     <span class='ocr_line' id='line_1_94' title="bbox 1343 1075 1698 1126; baseline 0.003 -13"><span class='ocrx_word' id='word_1_354' title='bbox 1343 1082 1382 1114; x_wconf 90' lang='lat' dir='ltr'>ta</span> <span class='ocrx_word' id='word_1_355' title='bbox 1401 1082 1437 1114; x_wconf 91' lang='lat' dir='ltr'>te</span> <span class='ocrx_word' id='word_1_356' title='bbox 1457 1076 1587 1126; x_wconf 91' lang='lat' dir='ltr'>ipsum</span> <span class='ocrx_word' id='word_1_357' title='bbox 1606 1075 1698 1114; x_wconf 92' lang='lat' dir='ltr'>huic</span> 
     </span>
     <span class='ocr_line' id='line_1_95' title="bbox 1343 1138 1737 1188; baseline 0.003 -12"><span class='ocrx_word' id='word_1_358' title='bbox 1343 1138 1513 1176; x_wconf 88' lang='lat' dir='ltr'>mundo·</span> <span class='ocrx_word' id='word_1_359' title='bbox 1554 1139 1737 1188; x_wconf 52' lang='lat' dir='ltr'>finequae</span> 
     </span>
     <span class='ocr_line' id='line_1_96' title="bbox 1343 1201 1710 1240; baseline 0.005 -2"><span class='ocrx_word' id='word_1_360' title='bbox 1343 1201 1446 1239; x_wconf 91' lang='lat' dir='ltr'>enim</span> <span class='ocrx_word' id='word_1_361' title='bbox 1466 1207 1556 1239; x_wconf 88' lang='lat' dir='ltr'>tunc</span> <span class='ocrx_word' id='word_1_362' title='bbox 1577 1201 1710 1240; x_wconf 89' lang='lat' dir='ltr'>fratres</span> 
     </span>
     <span class='ocr_line' id='line_1_97' title="bbox 1343 1263 1688 1302; baseline -0.003 0"><span class='ocrx_word' id='word_1_363' title='bbox 1343 1264 1425 1302; x_wconf 91' lang='lat' dir='ltr'>eius</span> <span class='ocrx_word' id='word_1_364' title='bbox 1445 1263 1688 1302; x_wconf 90' lang='lat' dir='ltr'>crediderunt</span> 
     </span>
    </p>

    <p class='ocr_par' dir='ltr' id='par_1_28' title="bbox 1343 1325 1756 1564">
     <span class='ocr_line' id='line_1_98' title="bbox 1343 1325 1756 1364; baseline 0.002 -1"><span class='ocrx_word' id='word_1_365' title='bbox 1343 1326 1384 1363; x_wconf 91' lang='lat' dir='ltr'>in</span> <span class='ocrx_word' id='word_1_366' title='bbox 1404 1338 1494 1364; x_wconf 91' lang='lat' dir='ltr'>eum</span> <span class='ocrx_word' id='word_1_367' title='bbox 1507 1346 1516 1356; x_wconf 88' lang='lat'><strong>·</strong></span> <span class='ocrx_word' id='word_1_368' title='bbox 1559 1325 1687 1364; x_wconf 79' lang='lat' dir='ltr'>⁶Dicit</span> <span class='ocrx_word' id='word_1_369' title='bbox 1706 1339 1756 1364; x_wconf 94' lang='lat' dir='ltr'>au</span> 
     </span>
     <span class='ocr_line' id='line_1_99' title="bbox 1343 1388 1724 1427; baseline -0.003 0"><span class='ocrx_word' id='word_1_370' title='bbox 1343 1395 1422 1427; x_wconf 89' lang='lat' dir='ltr'>tem</span> <span class='ocrx_word' id='word_1_371' title='bbox 1442 1388 1514 1426; x_wconf 90' lang='lat' dir='ltr'>illis</span> <span class='ocrx_word' id='word_1_372' title='bbox 1532 1388 1591 1426; x_wconf 85' lang='lat' dir='ltr'>ihs</span> <span class='ocrx_word' id='word_1_373' title='bbox 1645 1395 1724 1427; x_wconf 88' lang='lat' dir='ltr'>tem</span> 
     </span>
     <span class='ocr_line' id='line_1_100' title="bbox 1343 1451 1724 1502; baseline 0 -13"><span class='ocrx_word' id='word_1_374' title='bbox 1343 1464 1418 1502; x_wconf 91' lang='lat' dir='ltr'>pus</span> <span class='ocrx_word' id='word_1_375' title='bbox 1437 1463 1569 1490; x_wconf 89' lang='lat' dir='ltr'>meum</span> <span class='ocrx_word' id='word_1_376' title='bbox 1589 1451 1724 1489; x_wconf 81' lang='lat' dir='ltr'>nond1&#39;1</span> 
     </span>
     <span class='ocr_line' id='line_1_101' title="bbox 1346 1514 1710 1564; baseline -0.003 -11"><span class='ocrx_word' id='word_1_377' title='bbox 1346 1514 1503 1553; x_wconf 89' lang='lat' dir='ltr'>aduenit</span> <span class='ocrx_word' id='word_1_378' title='bbox 1556 1519 1710 1564; x_wconf 89' lang='lat' dir='ltr'>tempus</span> 
     </span>
    </p>
   </div>
   <div class='ocr_carea' id='block_1_15' title="bbox 1343 1754 1815 2976">
    <p class='ocr_par' dir='ltr' id='par_1_29' title="bbox 1346 1754 1767 1861">
     <span class='ocr_line' id='line_1_102' title="bbox 1347 1754 1767 1788; baseline -0.007 0"><span class='ocrx_word' id='word_1_379' title='bbox 1347 1755 1476 1788; x_wconf 88' lang='lat' dir='ltr'>autem</span> <span class='ocrx_word' id='word_1_380' title='bbox 1496 1754 1664 1787; x_wconf 87' lang='lat' dir='ltr'>uestrum</span> <span class='ocrx_word' id='word_1_381' title='bbox 1685 1760 1767 1785; x_wconf 90' lang='lat' dir='ltr'>sem</span> 
     </span>
     <span class='ocr_line' id='line_1_103' title="bbox 1346 1817 1714 1861; baseline -0.008 -11"><span class='ocrx_word' id='word_1_382' title='bbox 1346 1824 1415 1861; x_wconf 91' lang='lat' dir='ltr'>per</span> <span class='ocrx_word' id='word_1_383' title='bbox 1434 1817 1492 1850; x_wconf 91' lang='lat' dir='ltr'>est</span> <span class='ocrx_word' id='word_1_384' title='bbox 1510 1817 1687 1861; x_wconf 89' lang='lat' dir='ltr'>paratum</span> <span class='ocrx_word' id='word_1_385' title='bbox 1705 1830 1714 1839; x_wconf 89' lang='lat'><strong>·</strong></span> 
     </span>
    </p>

    <p class='ocr_par' dir='ltr' id='par_1_30' title="bbox 1345 1872 1801 2112">
     <span class='ocr_line' id='line_1_104' title="bbox 1345 1872 1801 1923; baseline -0.004 -12"><span class='ocrx_word' id='word_1_386' title='bbox 1345 1874 1360 1895; x_wconf 89' lang='lat'>⁷</span> <span class='ocrx_word' id='word_1_387' title='bbox 1375 1873 1469 1911; x_wconf 91' lang='lat' dir='ltr'>Non</span> <span class='ocrx_word' id='word_1_388' title='bbox 1488 1879 1614 1923; x_wconf 89' lang='lat' dir='ltr'>potest</span> <span class='ocrx_word' id='word_1_389' title='bbox 1629 1872 1690 1910; x_wconf 90' lang='lat' dir='ltr'>hic</span> <span class='ocrx_word' id='word_1_390' title='bbox 1706 1883 1801 1909; x_wconf 91' lang='lat' dir='ltr'>mun</span> 
     </span>
     <span class='ocr_line' id='line_1_105' title="bbox 1346 1935 1746 1974; baseline -0.005 0"><span class='ocrx_word' id='word_1_391' title='bbox 1346 1936 1417 1974; x_wconf 87' lang='lat' dir='ltr'>dus</span> <span class='ocrx_word' id='word_1_392' title='bbox 1437 1935 1544 1974; x_wconf 93' lang='lat' dir='ltr'>odire</span> <span class='ocrx_word' id='word_1_393' title='bbox 1563 1947 1636 1973; x_wconf 92' lang='lat' dir='ltr'>uos</span> <span class='ocrx_word' id='word_1_394' title='bbox 1682 1947 1746 1972; x_wconf 89' lang='lat' dir='ltr'>me</span> 
     </span>
     <span class='ocr_line' id='line_1_106' title="bbox 1345 1997 1731 2047; baseline -0.008 -10"><span class='ocrx_word' id='word_1_395' title='bbox 1345 2006 1474 2037; x_wconf 88' lang='lat' dir='ltr'>autem</span> <span class='ocrx_word' id='word_1_396' title='bbox 1493 1997 1574 2036; x_wconf 91' lang='lat' dir='ltr'>odit</span> <span class='ocrx_word' id='word_1_397' title='bbox 1590 2018 1599 2027; x_wconf 91' lang='lat'><em>-</em></span> <span class='ocrx_word' id='word_1_398' title='bbox 1640 1997 1731 2047; x_wconf 88' lang='lat' dir='ltr'>quia</span> 
     </span>
     <span class='ocr_line' id='line_1_107' title="bbox 1345 2059 1733 2112; baseline -0.01 -11"><span class='ocrx_word' id='word_1_399' title='bbox 1345 2074 1420 2112; x_wconf 88' lang='lat' dir='ltr'>ego</span> <span class='ocrx_word' id='word_1_400' title='bbox 1438 2061 1621 2099; x_wconf 88' lang='lat' dir='ltr'>testificor</span> <span class='ocrx_word' id='word_1_401' title='bbox 1640 2059 1687 2098; x_wconf 92' lang='lat' dir='ltr'>de</span> <span class='ocrx_word' id='word_1_402' title='bbox 1707 2059 1733 2097; x_wconf 93' lang='lat' dir='ltr'>il</span> 
     </span>
    </p>

    <p class='ocr_par' dir='ltr' id='par_1_31' title="bbox 1343 2110 1773 2237">
     <span class='ocr_line' id='line_1_108' title="bbox 1345 2110 1773 2174; baseline -0.009 -11"><span class='ocrx_word' id='word_1_403' title='bbox 1345 2125 1383 2163; x_wconf 92' lang='lat' dir='ltr'>lo</span> <span class='ocrx_word' id='word_1_404' title='bbox 1439 2127 1534 2174; x_wconf 72' lang='lat' dir='ltr'>qum</span> <span class='ocrx_word' id='word_1_405' title='bbox 1553 2134 1672 2172; x_wconf 91' lang='lat' dir='ltr'>opera</span> <span class='ocrx_word' id='word_1_406' title='bbox 1691 2110 1773 2160; x_wconf 82' lang='lat' dir='ltr'>eius</span> 
     </span>
     <span class='ocr_line' id='line_1_109' title="bbox 1343 2187 1672 2237; baseline -0.015 -11"><span class='ocrx_word' id='word_1_407' title='bbox 1343 2187 1514 2237; x_wconf 88' lang='lat' dir='ltr'>pessima</span> <span class='ocrx_word' id='word_1_408' title='bbox 1533 2191 1622 2223; x_wconf 91' lang='lat' dir='ltr'>sunt</span> <span class='ocrx_word' id='word_1_409' title='bbox 1638 2206 1645 2215; x_wconf 90' lang='lat'><strong>·</strong></span> <span class='ocrx_word' id='word_1_410' title='bbox 1665 2206 1672 2214; x_wconf 93' lang='lat'><em>-</em></span> 
     </span>
    </p>

    <p class='ocr_par' dir='ltr' id='par_1_32' title="bbox 1343 2246 1812 2613">
     <span class='ocr_line' id='line_1_110' title="bbox 1343 2246 1812 2288; baseline -0.009 0"><span class='ocrx_word' id='word_1_411' title='bbox 1343 2250 1443 2288; x_wconf 78' lang='lat' dir='ltr'>⁸Uos</span> <span class='ocrx_word' id='word_1_412' title='bbox 1451 2248 1646 2287; x_wconf 87' lang='lat' dir='ltr'>ascendite</span> <span class='ocrx_word' id='word_1_413' title='bbox 1654 2246 1812 2286; x_wconf 91' lang='lat' dir='ltr'>adhunc</span> 
     </span>
     <span class='ocr_line' id='line_1_111' title="bbox 1345 2311 1720 2351; baseline -0.011 0"><span class='ocrx_word' id='word_1_414' title='bbox 1345 2313 1447 2351; x_wconf 93' lang='lat' dir='ltr'>diem</span> <span class='ocrx_word' id='word_1_415' title='bbox 1467 2311 1695 2350; x_wconf 91' lang='lat' dir='ltr'>sollemnem</span> <span class='ocrx_word' id='word_1_416' title='bbox 1711 2330 1720 2340; x_wconf 88' lang='lat'><strong>·</strong></span> 
     </span>
     <span class='ocr_line' id='line_1_112' title="bbox 1344 2372 1779 2426; baseline -0.007 -13"><span class='ocrx_word' id='word_1_417' title='bbox 1344 2375 1433 2426; x_wconf 86' lang='lat' dir='ltr'>Ego</span> <span class='ocrx_word' id='word_1_418' title='bbox 1453 2380 1581 2412; x_wconf 91' lang='lat' dir='ltr'>autem</span> <span class='ocrx_word' id='word_1_419' title='bbox 1601 2372 1779 2411; x_wconf 91' lang='lat' dir='ltr'>nondum</span> 
     </span>
     <span class='ocr_line' id='line_1_113' title="bbox 1346 2437 1761 2485; baseline -0.01 -9"><span class='ocrx_word' id='word_1_420' title='bbox 1346 2437 1517 2476; x_wconf 88' lang='lat' dir='ltr'>ascendo</span> <span class='ocrx_word' id='word_1_421' title='bbox 1531 2457 1540 2466; x_wconf 91' lang='lat'><strong>·</strong></span> <span class='ocrx_word' id='word_1_422' title='bbox 1583 2439 1679 2485; x_wconf 71' lang='lat' dir='ltr'>qum</span> <span class='ocrx_word' id='word_1_423' title='bbox 1698 2447 1761 2472; x_wconf 91' lang='lat' dir='ltr'>me</span> 
     </span>
     <span class='ocr_line' id='line_1_114' title="bbox 1346 2498 1742 2549; baseline -0.01 -10"><span class='ocrx_word' id='word_1_424' title='bbox 1346 2513 1413 2539; x_wconf 92' lang='lat' dir='ltr'>um</span> <span class='ocrx_word' id='word_1_425' title='bbox 1432 2507 1585 2549; x_wconf 91' lang='lat' dir='ltr'>tempus</span> <span class='ocrx_word' id='word_1_426' title='bbox 1605 2498 1742 2536; x_wconf 77' lang='lat' dir='ltr'>nondfi</span> 
     </span>
     <span class='ocr_line' id='line_1_115' title="bbox 1346 2562 1651 2613; baseline -0.007 -13"><span class='ocrx_word' id='word_1_427' title='bbox 1346 2562 1549 2613; x_wconf 87' lang='lat' dir='ltr'>impletum</span> <span class='ocrx_word' id='word_1_428' title='bbox 1569 2566 1626 2599; x_wconf 90' lang='lat' dir='ltr'>est</span> <span class='ocrx_word' id='word_1_429' title='bbox 1642 2581 1651 2590; x_wconf 93' lang='lat'><strong>·</strong></span> 
     </span>
    </p>

    <p class='ocr_par' dir='ltr' id='par_1_33' title="bbox 1346 2621 1815 2850">
     <span class='ocr_line' id='line_1_116' title="bbox 1346 2621 1815 2663; baseline -0.009 0"><span class='ocrx_word' id='word_1_430' title='bbox 1346 2625 1459 2663; x_wconf 78' lang='lat' dir='ltr'>‘’Hoc</span> <span class='ocrx_word' id='word_1_431' title='bbox 1473 2636 1563 2662; x_wconf 88' lang='lat' dir='ltr'>cum</span> <span class='ocrx_word' id='word_1_432' title='bbox 1575 2623 1733 2661; x_wconf 82' lang='lat' dir='ltr'>dixisset</span> <span class='ocrx_word' id='word_1_433' title='bbox 1743 2621 1815 2659; x_wconf 92' lang='lat' dir='ltr'>illis</span> 
     </span>
     <span class='ocr_line' id='line_1_117' title="bbox 1347 2685 1729 2735; baseline -0.008 -10"><span class='ocrx_word' id='word_1_434' title='bbox 1347 2687 1490 2725; x_wconf 86' lang='lat' dir='ltr'>mansit</span> <span class='ocrx_word' id='word_1_435' title='bbox 1508 2687 1548 2723; x_wconf 95' lang='lat' dir='ltr'>in</span> <span class='ocrx_word' id='word_1_436' title='bbox 1567 2685 1704 2735; x_wconf 88' lang='lat' dir='ltr'>galilea</span> <span class='ocrx_word' id='word_1_437' title='bbox 1719 2705 1729 2715; x_wconf 86' lang='lat'><strong>·</strong></span> 
     </span>
     <span class='ocr_line' id='line_1_118' title="bbox 1348 2748 1760 2787; baseline -0.007 0"><span class='ocrx_word' id='word_1_438' title='bbox 1348 2748 1473 2787; x_wconf 89' lang='lat' dir='ltr'>¹⁰cum</span> <span class='ocrx_word' id='word_1_439' title='bbox 1493 2754 1621 2786; x_wconf 89' lang='lat' dir='ltr'>autem</span> <span class='ocrx_word' id='word_1_440' title='bbox 1642 2759 1760 2785; x_wconf 89' lang='lat' dir='ltr'>ascen</span> 
     </span>
     <span class='ocr_line' id='line_1_119' title="bbox 1348 2809 1682 2850; baseline -0.006 -1"><span class='ocrx_word' id='word_1_441' title='bbox 1348 2811 1485 2850; x_wconf 90' lang='lat' dir='ltr'>derunt</span> <span class='ocrx_word' id='word_1_442' title='bbox 1503 2810 1637 2848; x_wconf 89' lang='lat' dir='ltr'>fratres</span> <span class='ocrx_word' id='word_1_443' title='bbox 1657 2809 1682 2847; x_wconf 94' lang='lat' dir='ltr'>il</span> 
     </span>
    </p>

    <p class='ocr_par' dir='ltr' id='par_1_34' title="bbox 1348 2872 1743 2976">
     <span class='ocr_line' id='line_1_120' title="bbox 1348 2872 1743 2922; baseline -0.008 -10"><span class='ocrx_word' id='word_1_444' title='bbox 1348 2875 1420 2912; x_wconf 92' lang='lat' dir='ltr'>lius</span> <span class='ocrx_word' id='word_1_445' title='bbox 1436 2895 1445 2904; x_wconf 92' lang='lat'><strong>·</strong></span> <span class='ocrx_word' id='word_1_446' title='bbox 1493 2880 1584 2911; x_wconf 91' lang='lat' dir='ltr'>tunc</span> <span class='ocrx_word' id='word_1_447' title='bbox 1605 2878 1642 2910; x_wconf 89' lang='lat' dir='ltr'>et</span> <span class='ocrx_word' id='word_1_448' title='bbox 1661 2872 1743 2922; x_wconf 88' lang='lat' dir='ltr'>ipse</span> 
     </span>
     <span class='ocr_line' id='line_1_121' title="bbox 1348 2934 1703 2976; baseline -0.014 1"><span class='ocrx_word' id='word_1_449' title='bbox 1348 2935 1521 2976; x_wconf 88' lang='lat' dir='ltr'>ascendit</span> <span class='ocrx_word' id='word_1_450' title='bbox 1540 2936 1581 2973; x_wconf 92' lang='lat' dir='ltr'>in</span> <span class='ocrx_word' id='word_1_451' title='bbox 1600 2934 1703 2974; x_wconf 88' lang='lat' dir='ltr'>diem</span> 
     </span>
    </p>
   </div>
   <div class='ocr_carea' id='block_1_16' title="bbox 2257 220 2310 266">
    <p class='ocr_par' dir='ltr' id='par_1_35' title="bbox 2257 220 2310 266">
     <span class='ocr_line' id='line_1_122' title="bbox 2257 220 2310 266; baseline 0 -14"><span class='ocrx_word' id='word_1_452' title='bbox 2257 220 2310 266; x_wconf 79' lang='lat'>51</span> 
     </span>
    </p>
   </div>
   <div class='ocr_carea' id='block_1_17' title="bbox 1846 323 2523 375">
    <p class='ocr_par' dir='ltr' id='par_1_36' title="bbox 1846 323 2523 375">
     <span class='ocr_line' id='line_1_123' title="bbox 1846 323 2523 375; baseline 0.009 -12"><span class='ocrx_word' id='word_1_453' title='bbox 1846 323 2075 363; x_wconf 89' lang='lat' dir='ltr'>sollemnem</span> <span class='ocrx_word' id='word_1_454' title='bbox 2130 336 2213 362; x_wconf 92' lang='lat' dir='ltr'>non</span> <span class='ocrx_word' id='word_1_455' title='bbox 2233 337 2284 375; x_wconf 90' lang='lat' dir='ltr'>pa</span> <span class='ocrx_word' id='word_1_456' title='bbox 2330 337 2523 370; x_wconf 73' lang='lat' dir='ltr'><strong>F01.222.·</strong></span> 
     </span>
    </p>
   </div>
   <div class='ocr_carea' id='block_1_18' title="bbox 1843 386 2315 1551">
    <p class='ocr_par' dir='ltr' id='par_1_37' title="bbox 1845 386 2315 738">
     <span class='ocr_line' id='line_1_124' title="bbox 1845 386 2274 436; baseline 0.002 -12"><span class='ocrx_word' id='word_1_457' title='bbox 1845 386 1924 424; x_wconf 88' lang='lat' dir='ltr'>lam</span> <span class='ocrx_word' id='word_1_458' title='bbox 1944 386 2013 424; x_wconf 88' lang='lat' dir='ltr'>sed</span> <span class='ocrx_word' id='word_1_459' title='bbox 2033 386 2142 436; x_wconf 91' lang='lat' dir='ltr'>quasi</span> <span class='ocrx_word' id='word_1_460' title='bbox 2162 388 2274 425; x_wconf 89' lang='lat' dir='ltr'>occul</span> 
     </span>
     <span class='ocr_line' id='line_1_125' title="bbox 1847 446 2313 500; baseline 0.004 -14"><span class='ocrx_word' id='word_1_461' title='bbox 1847 454 1909 487; x_wconf 90' lang='lat' dir='ltr'>tae</span> <span class='ocrx_word' id='word_1_462' title='bbox 1923 469 1932 478; x_wconf 92' lang='lat'><strong>·</strong></span> <span class='ocrx_word' id='word_1_463' title='bbox 1949 446 2117 486; x_wconf 83' lang='lat' dir='ltr'>11Iudaei</span> <span class='ocrx_word' id='word_1_464' title='bbox 2131 461 2224 499; x_wconf 91' lang='lat' dir='ltr'>ergo</span> <span class='ocrx_word' id='word_1_465' title='bbox 2238 462 2313 500; x_wconf 89' lang='lat' dir='ltr'>que</span> 
     </span>
     <span class='ocr_line' id='line_1_126' title="bbox 1845 511 2230 550; baseline 0.005 -2"><span class='ocrx_word' id='word_1_466' title='bbox 1845 512 1981 549; x_wconf 91' lang='lat' dir='ltr'>rebant</span> <span class='ocrx_word' id='word_1_467' title='bbox 1999 523 2090 550; x_wconf 91' lang='lat' dir='ltr'>eum</span> <span class='ocrx_word' id='word_1_468' title='bbox 2109 511 2149 548; x_wconf 93' lang='lat' dir='ltr'>in</span> <span class='ocrx_word' id='word_1_469' title='bbox 2169 511 2230 550; x_wconf 90' lang='lat' dir='ltr'>die</span> 
     </span>
     <span class='ocr_line' id='line_1_127' title="bbox 1847 573 2274 612; baseline 0.002 -1"><span class='ocrx_word' id='word_1_470' title='bbox 1847 573 2021 612; x_wconf 90' lang='lat' dir='ltr'>solemne</span> <span class='ocrx_word' id='word_1_471' title='bbox 2040 580 2078 612; x_wconf 94' lang='lat' dir='ltr'>et</span> <span class='ocrx_word' id='word_1_472' title='bbox 2097 573 2274 612; x_wconf 72' lang='lat' dir='ltr'>dicebant</span> 
     </span>
     <span class='ocr_line' id='line_1_128' title="bbox 1846 635 2315 675; baseline 0.002 -1"><span class='ocrx_word' id='word_1_473' title='bbox 1846 636 1913 674; x_wconf 92' lang='lat' dir='ltr'>ubi</span> <span class='ocrx_word' id='word_1_474' title='bbox 1933 643 1991 675; x_wconf 92' lang='lat' dir='ltr'>est</span> <span class='ocrx_word' id='word_1_475' title='bbox 2009 636 2071 674; x_wconf 94' lang='lat' dir='ltr'>ille</span> <span class='ocrx_word' id='word_1_476' title='bbox 2087 657 2096 666; x_wconf 91' lang='lat'><strong>·</strong></span> <span class='ocrx_word' id='word_1_477' title='bbox 2140 635 2212 675; x_wconf 77' lang='lat' dir='ltr'>1²et</span> <span class='ocrx_word' id='word_1_478' title='bbox 2227 649 2315 675; x_wconf 88' lang='lat' dir='ltr'>mur</span> 
     </span>
     <span class='ocr_line' id='line_1_129' title="bbox 1846 699 2232 738; baseline 0.005 -2"><span class='ocrx_word' id='word_1_479' title='bbox 1846 710 1933 736; x_wconf 90' lang='lat' dir='ltr'>mur</span> <span class='ocrx_word' id='word_1_480' title='bbox 1953 699 2002 738; x_wconf 92' lang='lat' dir='ltr'>de</span> <span class='ocrx_word' id='word_1_481' title='bbox 2022 699 2087 738; x_wconf 91' lang='lat' dir='ltr'>illo</span> <span class='ocrx_word' id='word_1_482' title='bbox 2108 699 2232 738; x_wconf 89' lang='lat' dir='ltr'>factus</span> 
     </span>
    </p>

    <p class='ocr_par' dir='ltr' id='par_1_38' title="bbox 1846 763 2234 812">
     <span class='ocr_line' id='line_1_130' title="bbox 1846 763 2234 812; baseline 0.003 -13"><span class='ocrx_word' id='word_1_483' title='bbox 1846 767 1905 800; x_wconf 88' lang='lat' dir='ltr'>est</span> <span class='ocrx_word' id='word_1_484' title='bbox 1923 774 2090 812; x_wconf 89' lang='lat' dir='ltr'>magnus</span> <span class='ocrx_word' id='word_1_485' title='bbox 2111 763 2151 800; x_wconf 92' lang='lat' dir='ltr'>in</span> <span class='ocrx_word' id='word_1_486' title='bbox 2171 763 2234 812; x_wconf 89' lang='lat' dir='ltr'>ple</span> 
     </span>
    </p>

    <p class='ocr_par' dir='ltr' id='par_1_39' title="bbox 1844 824 2249 937">
     <span class='ocr_line' id='line_1_131' title="bbox 1845 824 2249 874; baseline 0.002 -12"><span class='ocrx_word' id='word_1_487' title='bbox 1845 825 1894 862; x_wconf 91' lang='lat' dir='ltr'>be</span> <span class='ocrx_word' id='word_1_488' title='bbox 1907 844 1917 854; x_wconf 88' lang='lat'><strong>·</strong></span> <span class='ocrx_word' id='word_1_489' title='bbox 1965 824 2124 874; x_wconf 91' lang='lat' dir='ltr'>quidam</span> <span class='ocrx_word' id='word_1_490' title='bbox 2144 825 2249 863; x_wconf 90' lang='lat' dir='ltr'>enim</span> 
     </span>
     <span class='ocr_line' id='line_1_132' title="bbox 1844 886 2205 937; baseline 0.006 -13"><span class='ocrx_word' id='word_1_491' title='bbox 1844 886 2026 925; x_wconf 88' lang='lat' dir='ltr'>dicebant</span> <span class='ocrx_word' id='word_1_492' title='bbox 2045 887 2134 937; x_wconf 89' lang='lat' dir='ltr'>quia</span> <span class='ocrx_word' id='word_1_493' title='bbox 2152 888 2205 926; x_wconf 91' lang='lat' dir='ltr'>bo</span> 
     </span>
    </p>

    <p class='ocr_par' dir='ltr' id='par_1_40' title="bbox 1843 950 2271 1551">
     <span class='ocr_line' id='line_1_133' title="bbox 1844 950 2236 988; baseline 0.005 -2"><span class='ocrx_word' id='word_1_494' title='bbox 1844 961 1919 988; x_wconf 92' lang='lat' dir='ltr'>nus</span> <span class='ocrx_word' id='word_1_495' title='bbox 1939 955 2022 988; x_wconf 91' lang='lat' dir='ltr'>est·</span> <span class='ocrx_word' id='word_1_496' title='bbox 2067 950 2131 987; x_wconf 90' lang='lat' dir='ltr'>alii</span> <span class='ocrx_word' id='word_1_497' title='bbox 2150 950 2236 988; x_wconf 90' lang='lat' dir='ltr'>dice</span> 
     </span>
     <span class='ocr_line' id='line_1_134' title="bbox 1844 1012 2247 1051; baseline 0.002 -2"><span class='ocrx_word' id='word_1_498' title='bbox 1844 1012 1940 1050; x_wconf 87' lang='lat' dir='ltr'>bant</span> <span class='ocrx_word' id='word_1_499' title='bbox 1959 1024 2040 1051; x_wconf 89' lang='lat' dir='ltr'>non</span> <span class='ocrx_word' id='word_1_500' title='bbox 2060 1012 2130 1050; x_wconf 88' lang='lat' dir='ltr'>sed</span> <span class='ocrx_word' id='word_1_501' title='bbox 2150 1012 2247 1050; x_wconf 92' lang='lat' dir='ltr'>sedu</span> 
     </span>
     <span class='ocr_line' id='line_1_135' title="bbox 1844 1074 2271 1124; baseline 0.002 -12"><span class='ocrx_word' id='word_1_502' title='bbox 1844 1074 1896 1112; x_wconf 89' lang='lat' dir='ltr'>cit</span> <span class='ocrx_word' id='word_1_503' title='bbox 1916 1074 2104 1124; x_wconf 89' lang='lat' dir='ltr'>populum</span> <span class='ocrx_word' id='word_1_504' title='bbox 2120 1095 2129 1104; x_wconf 91' lang='lat'><strong>·</strong></span> <span class='ocrx_word' id='word_1_505' title='bbox 2168 1074 2196 1096; x_wconf 79' lang='lat'>³⁸</span> <span class='ocrx_word' id='word_1_506' title='bbox 2209 1074 2271 1113; x_wconf 91' lang='lat' dir='ltr'>Ne</span> 
     </span>
     <span class='ocr_line' id='line_1_136' title="bbox 1843 1142 2247 1175; baseline 0.002 -1"><span class='ocrx_word' id='word_1_507' title='bbox 1843 1148 1910 1174; x_wconf 91' lang='lat' dir='ltr'>mo</span> <span class='ocrx_word' id='word_1_508' title='bbox 1930 1142 2061 1174; x_wconf 88' lang='lat' dir='ltr'>tamen</span> <span class='ocrx_word' id='word_1_509' title='bbox 2081 1142 2247 1175; x_wconf 89' lang='lat' dir='ltr'>constan</span> 
     </span>
     <span class='ocr_line' id='line_1_137' title="bbox 1844 1199 2240 1250; baseline 0.003 -13"><span class='ocrx_word' id='word_1_510' title='bbox 1844 1205 1901 1237; x_wconf 91' lang='lat' dir='ltr'>ter</span> <span class='ocrx_word' id='word_1_511' title='bbox 1920 1199 1968 1237; x_wconf 91' lang='lat' dir='ltr'>de</span> <span class='ocrx_word' id='word_1_512' title='bbox 1987 1199 2052 1237; x_wconf 93' lang='lat' dir='ltr'>illo</span> <span class='ocrx_word' id='word_1_513' title='bbox 2071 1199 2240 1250; x_wconf 88' lang='lat' dir='ltr'>loqueba</span> 
     </span>
     <span class='ocr_line' id='line_1_138' title="bbox 1843 1266 2205 1312; baseline 0.003 -13"><span class='ocrx_word' id='word_1_514' title='bbox 1843 1268 1903 1300; x_wconf 89' lang='lat' dir='ltr'>tur</span> <span class='ocrx_word' id='word_1_515' title='bbox 1921 1268 2080 1312; x_wconf 91' lang='lat' dir='ltr'>propter</span> <span class='ocrx_word' id='word_1_516' title='bbox 2098 1266 2205 1300; x_wconf 67' lang='lat' dir='ltr'>meti-1</span> 
     </span>
     <span class='ocr_line' id='line_1_139' title="bbox 1844 1323 2259 1365; baseline 0.002 -4"><span class='ocrx_word' id='word_1_517' title='bbox 1844 1323 2070 1363; x_wconf 89' lang='lat' dir='ltr'>iudaeorum</span> <span class='ocrx_word' id='word_1_518' title='bbox 2090 1345 2100 1354; x_wconf 92' lang='lat'><strong>·</strong></span> <span class='ocrx_word' id='word_1_519' title='bbox 2129 1328 2154 1365; x_wconf 86' lang='lat'>†</span> <span class='ocrx_word' id='word_1_520' title='bbox 2167 1324 2195 1345; x_wconf 73' lang='lat'>¹⁴</span> <span class='ocrx_word' id='word_1_521' title='bbox 2207 1324 2259 1362; x_wconf 90' lang='lat' dir='ltr'>Et</span> 
     </span>
     <span class='ocr_line' id='line_1_140' title="bbox 1844 1386 2232 1426; baseline 0 -1"><span class='ocrx_word' id='word_1_522' title='bbox 1844 1387 2030 1425; x_wconf 66' lang='lat' dir='ltr'>cum‘iam</span> <span class='ocrx_word' id='word_1_523' title='bbox 2051 1386 2131 1425; x_wconf 93' lang='lat' dir='ltr'>dies</span> <span class='ocrx_word' id='word_1_524' title='bbox 2151 1387 2232 1426; x_wconf 73' lang='lat' dir='ltr'>sole</span> 
     </span>
     <span class='ocr_line' id='line_1_141' title="bbox 1843 1449 2254 1499; baseline 0 -12"><span class='ocrx_word' id='word_1_525' title='bbox 1843 1450 1904 1487; x_wconf 89' lang='lat' dir='ltr'>nis</span> <span class='ocrx_word' id='word_1_526' title='bbox 1924 1449 1974 1488; x_wconf 88' lang='lat' dir='ltr'>ad</span> <span class='ocrx_word' id='word_1_527' title='bbox 1993 1449 2165 1487; x_wconf 89' lang='lat' dir='ltr'>medium</span> <span class='ocrx_word' id='word_1_528' title='bbox 2184 1462 2254 1499; x_wconf 92' lang='lat' dir='ltr'>per</span> 
     </span>
     <span class='ocr_line' id='line_1_142' title="bbox 1846 1512 2220 1551; baseline 0.003 -1"><span class='ocrx_word' id='word_1_529' title='bbox 1846 1513 2017 1550; x_wconf 91' lang='lat' dir='ltr'>uenisset</span> <span class='ocrx_word' id='word_1_530' title='bbox 2030 1532 2039 1541; x_wconf 93' lang='lat'><strong>·</strong></span> <span class='ocrx_word' id='word_1_531' title='bbox 2087 1512 2220 1551; x_wconf 91' lang='lat' dir='ltr'>Ascen</span> 
     </span>
    </p>
   </div>
   <div class='ocr_carea' id='block_1_19' title="bbox 1848 1582 2314 1718">
    <p class='ocr_par' dir='ltr' id='par_1_41' title="bbox 1848 1582 2314 1718">
     <span class='ocr_line' id='line_1_143' title="bbox 1848 1582 2314 1624; baseline 0 -10"><span class='ocrx_word' id='word_1_532' title='bbox 1848 1582 2050 1614; x_wconf 89' lang='lat' dir='ltr'>mediantem</span> <span class='ocrx_word' id='word_1_533' title='bbox 2101 1585 2314 1624; x_wconf 88' lang='lat' dir='ltr'>penteconste</span> 
     </span>
     <span class='ocr_line' id='line_1_144' title="bbox 1848 1634 2314 1676; baseline 0 -11"><span class='ocrx_word' id='word_1_534' title='bbox 1848 1634 1949 1667; x_wconf 90' lang='lat' dir='ltr'>lectio</span> <span class='ocrx_word' id='word_1_535' title='bbox 1961 1634 2124 1676; x_wconf 87' lang='lat' dir='ltr'>euangelii</span> <span class='ocrx_word' id='word_1_536' title='bbox 2135 1634 2314 1666; x_wconf 90' lang='lat' dir='ltr'>secondum</span> 
     </span>
     <span class='ocr_line' id='line_1_145' title="bbox 1848 1686 1992 1718; baseline 0 0"><span class='ocrx_word' id='word_1_537' title='bbox 1848 1686 1992 1718; x_wconf 84' lang='lat' dir='ltr'>iuhanne</span> 
     </span>
    </p>
   </div>
   <div class='ocr_carea' id='block_1_20' title="bbox 1846 1738 2318 3027">
    <p class='ocr_par' dir='ltr' id='par_1_42' title="bbox 1846 1738 2318 2976">
     <span class='ocr_line' id='line_1_146' title="bbox 1848 1738 2266 1788; baseline -0.005 -10"><span class='ocrx_word' id='word_1_538' title='bbox 1848 1740 1902 1778; x_wconf 94' lang='lat' dir='ltr'>dit</span> <span class='ocrx_word' id='word_1_539' title='bbox 1922 1739 1982 1778; x_wconf 82' lang='lat' dir='ltr'>ihs</span> <span class='ocrx_word' id='word_1_540' title='bbox 2002 1739 2041 1776; x_wconf 93' lang='lat' dir='ltr'>in</span> <span class='ocrx_word' id='word_1_541' title='bbox 2061 1738 2207 1788; x_wconf 90' lang='lat' dir='ltr'>templo</span> <span class='ocrx_word' id='word_1_542' title='bbox 2227 1745 2266 1776; x_wconf 89' lang='lat' dir='ltr'>et</span> 
     </span>
     <span class='ocr_line' id='line_1_147' title="bbox 1847 1800 2300 1840; baseline -0.004 0"><span class='ocrx_word' id='word_1_543' title='bbox 1847 1802 2035 1840; x_wconf 88' lang='lat' dir='ltr'>docebat·</span> <span class='ocrx_word' id='word_1_544' title='bbox 2074 1800 2103 1821; x_wconf 84' lang='lat'>¹⁵</span> <span class='ocrx_word' id='word_1_545' title='bbox 2117 1800 2300 1839; x_wconf 89' lang='lat' dir='ltr'>Miraban</span> 
     </span>
     <span class='ocr_line' id='line_1_148' title="bbox 1846 1863 2260 1903; baseline -0.002 -1"><span class='ocrx_word' id='word_1_546' title='bbox 1846 1871 1907 1902; x_wconf 91' lang='lat' dir='ltr'>tur</span> <span class='ocrx_word' id='word_1_547' title='bbox 1925 1870 2054 1903; x_wconf 89' lang='lat' dir='ltr'>autem</span> <span class='ocrx_word' id='word_1_548' title='bbox 2074 1863 2200 1901; x_wconf 92' lang='lat' dir='ltr'>iudaei</span> <span class='ocrx_word' id='word_1_549' title='bbox 2220 1863 2260 1901; x_wconf 86' lang='lat' dir='ltr'>di</span> 
     </span>
     <span class='ocr_line' id='line_1_149' title="bbox 1847 1925 2257 1976; baseline -0.005 -11"><span class='ocrx_word' id='word_1_550' title='bbox 1847 1933 1980 1965; x_wconf 89' lang='lat' dir='ltr'>centes</span> <span class='ocrx_word' id='word_1_551' title='bbox 1996 1947 2004 1956; x_wconf 93' lang='lat'><strong>·</strong></span> <span class='ocrx_word' id='word_1_552' title='bbox 2053 1925 2257 1976; x_wconf 89' lang='lat' dir='ltr'>quomodo</span> 
     </span>
     <span class='ocr_line' id='line_1_150' title="bbox 1847 1988 2248 2037; baseline -0.005 -11"><span class='ocrx_word' id='word_1_553' title='bbox 1847 1989 1909 2027; x_wconf 91' lang='lat' dir='ltr'>hic</span> <span class='ocrx_word' id='word_1_554' title='bbox 1929 1989 2071 2027; x_wconf 88' lang='lat' dir='ltr'>litteras</span> <span class='ocrx_word' id='word_1_555' title='bbox 2090 1988 2163 2028; x_wconf 90' lang='lat' dir='ltr'>scit</span> <span class='ocrx_word' id='word_1_556' title='bbox 2181 1988 2248 2037; x_wconf 92' lang='lat' dir='ltr'>qui</span> 
     </span>
     <span class='ocr_line' id='line_1_151' title="bbox 1847 2049 2286 2090; baseline -0.005 0"><span class='ocrx_word' id='word_1_557' title='bbox 1847 2064 1929 2090; x_wconf 91' lang='lat' dir='ltr'>non</span> <span class='ocrx_word' id='word_1_558' title='bbox 1950 2051 2082 2089; x_wconf 87' lang='lat' dir='ltr'>didicit</span> <span class='ocrx_word' id='word_1_559' title='bbox 2098 2071 2106 2080; x_wconf 93' lang='lat'>·</span> <span class='ocrx_word' id='word_1_560' title='bbox 2122 2072 2131 2080; x_wconf 88' lang='lat'><strong>·</strong></span> <span class='ocrx_word' id='word_1_561' title='bbox 2162 2049 2191 2071; x_wconf 73' lang='lat'>¹⁶</span> <span class='ocrx_word' id='word_1_562' title='bbox 2204 2050 2286 2089; x_wconf 92' lang='lat' dir='ltr'>Res</span> 
     </span>
     <span class='ocr_line' id='line_1_152' title="bbox 1848 2112 2286 2164; baseline -0.007 -12"><span class='ocrx_word' id='word_1_563' title='bbox 1848 2113 2004 2164; x_wconf 91' lang='lat' dir='ltr'>spondit</span> <span class='ocrx_word' id='word_1_564' title='bbox 2023 2125 2117 2163; x_wconf 87' lang='lat' dir='ltr'>ergo</span> <span class='ocrx_word' id='word_1_565' title='bbox 2137 2113 2208 2150; x_wconf 92' lang='lat' dir='ltr'>illis</span> <span class='ocrx_word' id='word_1_566' title='bbox 2227 2112 2286 2150; x_wconf 80' lang='lat' dir='ltr'>ihs</span> 
     </span>
     <span class='ocr_line' id='line_1_153' title="bbox 1846 2174 2284 2215; baseline -0.007 0"><span class='ocrx_word' id='word_1_567' title='bbox 1846 2183 1883 2215; x_wconf 88' lang='lat' dir='ltr'>et</span> <span class='ocrx_word' id='word_1_568' title='bbox 1903 2176 1999 2215; x_wconf 86' lang='lat' dir='ltr'>dixit</span> <span class='ocrx_word' id='word_1_569' title='bbox 2053 2188 2141 2214; x_wconf 90' lang='lat' dir='ltr'>mea</span> <span class='ocrx_word' id='word_1_570' title='bbox 2160 2174 2284 2214; x_wconf 91' lang='lat' dir='ltr'>doctri</span> 
     </span>
     <span class='ocr_line' id='line_1_154' title="bbox 1846 2237 2271 2278; baseline -0.005 -1"><span class='ocrx_word' id='word_1_571' title='bbox 1846 2252 1899 2277; x_wconf 93' lang='lat' dir='ltr'>na</span> <span class='ocrx_word' id='word_1_572' title='bbox 1917 2252 1997 2278; x_wconf 90' lang='lat' dir='ltr'>non</span> <span class='ocrx_word' id='word_1_573' title='bbox 2017 2245 2075 2277; x_wconf 90' lang='lat' dir='ltr'>est</span> <span class='ocrx_word' id='word_1_574' title='bbox 2094 2251 2181 2276; x_wconf 91' lang='lat' dir='ltr'>mea</span> <span class='ocrx_word' id='word_1_575' title='bbox 2201 2237 2271 2276; x_wconf 90' lang='lat' dir='ltr'>sed</span> 
     </span>
     <span class='ocr_line' id='line_1_155' title="bbox 1848 2300 2246 2351; baseline -0.008 -11"><span class='ocrx_word' id='word_1_576' title='bbox 1848 2302 1931 2340; x_wconf 89' lang='lat' dir='ltr'>eius</span> <span class='ocrx_word' id='word_1_577' title='bbox 1950 2301 2017 2351; x_wconf 87' lang='lat' dir='ltr'>qui</span> <span class='ocrx_word' id='word_1_578' title='bbox 2035 2313 2098 2339; x_wconf 91' lang='lat' dir='ltr'>me</span> <span class='ocrx_word' id='word_1_579' title='bbox 2117 2300 2221 2338; x_wconf 89' lang='lat' dir='ltr'>misit</span> <span class='ocrx_word' id='word_1_580' title='bbox 2236 2321 2246 2330; x_wconf 90' lang='lat'><strong>·</strong></span> 
     </span>
     <span class='ocr_line' id='line_1_156' title="bbox 1848 2362 2287 2414; baseline -0.007 -12"><span class='ocrx_word' id='word_1_581' title='bbox 1848 2364 1876 2385; x_wconf 86' lang='lat'>¹⁷</span> <span class='ocrx_word' id='word_1_582' title='bbox 1887 2363 1927 2402; x_wconf 91' lang='lat' dir='ltr'>Si</span> <span class='ocrx_word' id='word_1_583' title='bbox 1947 2364 2032 2414; x_wconf 91' lang='lat' dir='ltr'>quis</span> <span class='ocrx_word' id='word_1_584' title='bbox 2051 2362 2216 2401; x_wconf 91' lang='lat' dir='ltr'>uoluerit</span> <span class='ocrx_word' id='word_1_585' title='bbox 2234 2374 2287 2400; x_wconf 94' lang='lat' dir='ltr'>uo</span> 
     </span>
     <span class='ocr_line' id='line_1_157' title="bbox 1848 2424 2242 2465; baseline -0.008 0"><span class='ocrx_word' id='word_1_586' title='bbox 1848 2426 2036 2465; x_wconf 88' lang='lat' dir='ltr'>luntatem</span> <span class='ocrx_word' id='word_1_587' title='bbox 2056 2425 2136 2464; x_wconf 87' lang='lat' dir='ltr'>eius</span> <span class='ocrx_word' id='word_1_588' title='bbox 2157 2424 2242 2462; x_wconf 90' lang='lat' dir='ltr'>face</span> 
     </span>
     <span class='ocr_line' id='line_1_158' title="bbox 1848 2485 2314 2537; baseline -0.004 -10"><span class='ocrx_word' id='word_1_589' title='bbox 1848 2501 1889 2527; x_wconf 91' lang='lat' dir='ltr'>re</span> <span class='ocrx_word' id='word_1_590' title='bbox 1903 2509 1912 2518; x_wconf 91' lang='lat'><strong>·</strong></span> <span class='ocrx_word' id='word_1_591' title='bbox 1952 2487 2157 2537; x_wconf 86' lang='lat' dir='ltr'>cognoscit</span> <span class='ocrx_word' id='word_1_592' title='bbox 2176 2487 2225 2525; x_wconf 93' lang='lat' dir='ltr'>de</span> <span class='ocrx_word' id='word_1_593' title='bbox 2245 2485 2314 2525; x_wconf 75' lang='lat' dir='ltr'>doc</span> 
     </span>
     <span class='ocr_line' id='line_1_159' title="bbox 1847 2548 2261 2590; baseline -0.007 -1"><span class='ocrx_word' id='word_1_594' title='bbox 1847 2552 1946 2590; x_wconf 91' lang='lat' dir='ltr'>trina</span> <span class='ocrx_word' id='word_1_595' title='bbox 1991 2556 2121 2588; x_wconf 88' lang='lat' dir='ltr'>utrum</span> <span class='ocrx_word' id='word_1_596' title='bbox 2141 2561 2190 2587; x_wconf 84' lang='lat' dir='ltr'>ex</span> <span class='ocrx_word' id='word_1_597' title='bbox 2209 2548 2261 2587; x_wconf 80' lang='grc' dir='ltr'>(ἰὸ</span> 
     </span>
     <span class='ocr_line' id='line_1_160' title="bbox 1848 2611 2316 2662; baseline -0.004 -11"><span class='ocrx_word' id='word_1_598' title='bbox 1848 2614 1896 2652; x_wconf 89' lang='lat' dir='ltr'>sit</span> <span class='ocrx_word' id='word_1_599' title='bbox 1951 2625 2001 2651; x_wconf 89' lang='lat' dir='ltr'>an</span> <span class='ocrx_word' id='word_1_600' title='bbox 2021 2624 2097 2662; x_wconf 90' lang='lat' dir='ltr'>ego</span> <span class='ocrx_word' id='word_1_601' title='bbox 2113 2624 2136 2649; x_wconf 92' lang='lat' dir='ltr'>a</span> <span class='ocrx_word' id='word_1_602' title='bbox 2150 2611 2316 2662; x_wconf 90' lang='lat' dir='ltr'>meipso</span> 
     </span>
     <span class='ocr_line' id='line_1_161' title="bbox 1847 2673 2318 2726; baseline -0.006 -12"><span class='ocrx_word' id='word_1_603' title='bbox 1847 2676 1984 2726; x_wconf 84' lang='lat' dir='ltr'>loquor</span> <span class='ocrx_word' id='word_1_604' title='bbox 2000 2695 2008 2704; x_wconf 92' lang='lat'>·</span> <span class='ocrx_word' id='word_1_605' title='bbox 2037 2673 2065 2694; x_wconf 77' lang='lat'>¹⁸</span> <span class='ocrx_word' id='word_1_606' title='bbox 2073 2674 2139 2724; x_wconf 94' lang='lat' dir='ltr'>qui</span> <span class='ocrx_word' id='word_1_607' title='bbox 2153 2686 2176 2711; x_wconf 92' lang='lat' dir='ltr'>a</span> <span class='ocrx_word' id='word_1_608' title='bbox 2195 2678 2318 2712; x_wconf 89' lang='lat' dir='ltr'>semet</span> 
     </span>
     <span class='ocr_line' id='line_1_162' title="bbox 1849 2735 2243 2789; baseline -0.008 -13"><span class='ocrx_word' id='word_1_609' title='bbox 1849 2738 1935 2789; x_wconf 89' lang='lat' dir='ltr'>ipso</span> <span class='ocrx_word' id='word_1_610' title='bbox 1955 2737 2122 2788; x_wconf 86' lang='lat' dir='ltr'>loquitur</span> <span class='ocrx_word' id='word_1_611' title='bbox 2177 2735 2243 2786; x_wconf 90' lang='lat' dir='ltr'>glo</span> 
     </span>
     <span class='ocr_line' id='line_1_163' title="bbox 1849 2800 2255 2851; baseline -0.01 -12"><span class='ocrx_word' id='word_1_612' title='bbox 1849 2801 1947 2840; x_wconf 90' lang='lat' dir='ltr'>riam</span> <span class='ocrx_word' id='word_1_613' title='bbox 1966 2800 2160 2851; x_wconf 85' lang='lat' dir='ltr'>propriam</span> <span class='ocrx_word' id='word_1_614' title='bbox 2180 2810 2255 2849; x_wconf 92' lang='lat' dir='ltr'>que</span> 
     </span>
     <span class='ocr_line' id='line_1_164' title="bbox 1849 2863 2279 2912; baseline -0.009 -10"><span class='ocrx_word' id='word_1_615' title='bbox 1849 2864 1922 2902; x_wconf 92' lang='lat' dir='ltr'>rit·</span> <span class='ocrx_word' id='word_1_616' title='bbox 1970 2863 2034 2912; x_wconf 91' lang='lat' dir='ltr'>qui</span> <span class='ocrx_word' id='word_1_617' title='bbox 2053 2869 2183 2900; x_wconf 89' lang='lat' dir='ltr'>autem</span> <span class='ocrx_word' id='word_1_618' title='bbox 2203 2872 2279 2910; x_wconf 92' lang='lat' dir='ltr'>que</span> 
     </span>
     <span class='ocr_line' id='line_1_165' title="bbox 1849 2923 2262 2976; baseline -0.01 -11"><span class='ocrx_word' id='word_1_619' title='bbox 1849 2927 1896 2965; x_wconf 93' lang='lat' dir='ltr'>rit</span> <span class='ocrx_word' id='word_1_620' title='bbox 1915 2925 2077 2976; x_wconf 89' lang='lat' dir='ltr'>gloriam</span> <span class='ocrx_word' id='word_1_621' title='bbox 2097 2925 2178 2963; x_wconf 90' lang='lat' dir='ltr'>eius</span> <span class='ocrx_word' id='word_1_622' title='bbox 2196 2923 2262 2974; x_wconf 92' lang='lat' dir='ltr'>qui</span> 
     </span>
    </p>

    <p class='ocr_par' dir='ltr' id='par_1_43' title="bbox 2027 3000 2097 3027">
     <span class='ocr_line' id='line_1_166' title="bbox 2027 3000 2097 3027; baseline -0.029 0"><span class='ocrx_word' id='word_1_623' title='bbox 2027 3001 2054 3027; x_wconf 78' lang='grc' dir='ltr'><strong>Η</strong></span> <span class='ocrx_word' id='word_1_624' title='bbox 2078 3000 2097 3025; x_wconf 86' lang='lat'><strong>2</strong></span> 
     </span>
    </p>
   </div>
  </div>
 </body>
</html>
