2872 3268
577 273 742 312 RELA
754 273 903 313 TION
933 272 1015 312 OF
1029 286 1059 327 q
1085 273 1159 312 TO
1193 274 1401 314 OTHER
1437 274 1654 314 OLD-LA
1668 275 1781 316 TIN
1810 275 2020 316 TEXTS.
2112 276 2262 318 xxxix

450 387 612 428 Selected
625 389 801 439 readings
813 388 893 426 and
907 388 1126 438 renderz‘ngs
1143 389 1182 427 in
1195 389 1318 428 which
1389 387 1551 427 Selected
1566 389 1742 439 readings
1754 390 1835 427 and
1849 390 2069 440 renderz'ngs
2085 392 2124 429 z‘n
2136 391 2261 430 which

615 450 634 489 f
648 463 675 502 q
693 451 806 503 dgffer
808 451 923 503 from
942 452 1029 489 each
1049 452 1162 492 other.
1551 454 1571 492 f
1612 467 1639 506 q
1668 468 1743 507 vare
1788 456 1927 505 agreed
1967 458 2123 507 against
2160 457 2262 495 other

449 515 557 568 John
576 516 626 555 iii.
1551 519 1756 571 European
1771 524 1882 559 texts.

481 595 542 621 20.
570 581 862 622 manifestentur
879 596 896 621 e
913 596 946 633 q.

667 654 878 698 arguantur
895 662 920 686 a
938 649 959 687 b
978 648 1007 686 d
1003 648 1050 699 f
1059 647 1147 687 Am.

481 725 500 750 2
511 725 542 751 1.
571 713 739 763 perfecta
757 726 791 764 q.

668 778 816 831 factas
826 778 915 817 Am.
936 776 1099 832 (factum
1118 778 1171 832 a).

668 850 828 895 operata
848 845 877 882 d
891 857 921 892 e,
942 844 963 883 b
982 843 1213 897 (operatae)‘
1420 906 1467 931 22
1510 894 1614 932 uenit
1634 907 1651 932 e
1653 893 1699 945 f
1708 906 1731 944 q
1749 893 1827 932 Am

1607 960 1699 999 exiit
1718 974 1742 998 a
1762 960 1795 998 d.

1606 1025 1804 1076 profectus
1824 1031 1881 1065 est
1900 1026 1931 1064 b.

480 1100 541 1137 23.
569 1088 781 1126 ueniebant
799 1101 824 1126 a
843 1088 864 1127 b
884 1089 913 1126 d
927 1086 976 1140 (e)
997 1101 1030 1138 q.

667 1154 977 1205 adueniebantf
985 1153 1075 1191 Am.

481 1231 500 1256 2
507 1229 541 1268 5.
572 1219 717 1259 sactum
736 1226 794 1258 est
814 1231 908 1270 ergo
933 1225 975 1258 ut
993 1219 1101 1258 fieret
1120 1218 1271 1269 questio
1290 1231 1324 1269 q.
1422 1234 1441 1259 2
1448 1231 1483 1270 5.
1511 1221 1611 1259 inter
1626 1219 1835 1271 discipulos
1854 1219 2034 1260 iohannis
2050 1226 2087 1260 et
2102 1220 2264 1260 iudaeos

667 1285 770 1324 facta
798 1291 855 1324 est
875 1297 969 1335 ergo
998 1297 1035 1335 q.
1064 1298 1088 1322 a
1108 1283 1164 1336 (b)
1183 1284 1212 1322 d
1227 1283 1276 1336 (e)
1290 1285 1335 1337 s
1664 1284 1723 1339 (a)
1728 1287 1770 1338 s
1780 1299 1813 1336 q.

774 1350 863 1389 Am.
1608 1364 1658 1390 ex
1678 1351 1848 1402 disciplis
1874 1351 1951 1391 ioh.
1971 1364 2060 1391 cum
2080 1351 2156 1390 iud.
2177 1352 2199 1391 b
2228 1350 2263 1404 (e

1717 1416 1968 1469 discentibus)
1987 1417 2076 1456 Am.

1608 1496 1632 1522 a
1652 1482 1846 1534 discipulis
1864 1482 1941 1522 ioh.
1964 1483 2015 1522 ad
2032 1483 2109 1522 iud.
2128 1483 2163 1521 d.

482 1543 543 1581 26.
572 1541 838 1581 testimonium
858 1541 984 1580 dixisti
1003 1555 1021 1580 e
1039 1555 1072 1591 q.

667 1613 752 1646 test.
779 1606 976 1646 reddidisti
995 1620 1019 1645 a
1038 1608 1072 1644 d.

666 1679 750 1711 test.
768 1672 992 1723 perhibuisti
1011 1673 1080 1724 bf
1088 1672 1176 1711 Am.

481 1748 542 1789 27.
571 1738 715 1790 aliquid
734 1751 767 1788 q.

667 1803 876 1854 quicquam
895 1817 920 1841 a
940 1803 960 1841 b
980 1802 1183 1856 defAm.

482 1882 542 1918 29.
572 1868 760 1920 repletum
779 1881 813 1918 q.

667 1934 904 1985 completum
924 1933 956 1972 b.

666 1999 867 2050 impletum
886 2013 910 2038 a
930 2001 958 2038 d
956 2000 1003 2051 f
1005 1999 1039 2038 A
1047 2013 1093 2038 m.

665 2065 919 2116 adimpletum
938 2078 964 2104 e.
1584 2104 1586 2106 ,

1424 2139 1484 2176 31.
1516 2138 1629 2177 super
1649 2137 1788 2165 omnes
1808 2131 1866 2164 est
1884 2124 1943 2178 (z'n
1962 2126 2093 2164 second
2106 2124 2245 2177 clause)

1700 2191 1885 2242 squ.

1609 2257 1847 2295 om.abde.

1425 2335 1486 2372 32.
1515 2323 1590 2362 hoc
1611 2323 1834 2361 testificatur
1838 2322 1882 2370 f
1891 2335 1914 2372 q
1934 2320 2039 2374 (Am.
2059 2321 2246 2374 testatur).

1611 2401 1678 2426 om.
1698 2387 1774 2427 hoc
1793 2401 1817 2426 a
1836 2389 1857 2427 b
1877 2388 1905 2425 d
1918 2400 1945 2425 e.

479 2469 542 2507 34.
571 2458 758 2509 quoniam
773 2471 891 2510 quem
909 2472 943 2509 q.
1188 2495 1191 2497 .

669 2537 787 2576 quem
807 2525 913 2564 enim
933 2538 957 2563 a
977 2526 998 2565 b
1018 2525 1224 2575 desAm.

557 2670 643 2714 We
656 2678 760 2714 note
773 2672 816 2714 in
831 2672 957 2714 these
970 2672 1175 2727 chapters
1188 2672 1239 2715 of
1247 2671 1312 2716 St.
1325 2673 1444 2727 John
1458 2687 1583 2716 some
1595 2672 1895 2729 ninety-three
1909 2673 2129 2715 instances
2142 2688 2152 2723 ;
2174 2672 2262 2714 and

452 2739 625 2795 though
656 2740 732 2783 the
753 2747 854 2784 text
878 2742 928 2784 of
942 2755 970 2796 q
993 2742 1028 2784 is
1045 2755 1169 2784 more
1190 2742 1342 2785 mixed
1364 2742 1468 2785 here
1488 2743 1595 2785 than
1616 2743 1660 2785 in
1682 2742 1751 2786 St.
1774 2742 2003 2792 Matthew,
2027 2756 2076 2785 as
2096 2755 2123 2783 a
2143 2755 2263 2783 mere

451 2808 610 2864 glance
629 2809 716 2852 will
747 2810 864 2853 shew
886 2825 949 2864 us,
970 2810 1048 2854 the
1078 2818 1406 2866 agreemement
1426 2813 1623 2856 between
1650 2813 1685 2856 it
1711 2813 1797 2855 and
1828 2812 1853 2854 b
1880 2813 1916 2854 is
1947 2812 2034 2855 still
2064 2811 2129 2854 far
2143 2824 2263 2852 more
