2872 3268
538 212 594 264 96

342 326 423 358 ποι.
439 326 521 358 129.
538 326 625 365 {1105
639 347 648 357 .
692 325 706 347 ⁸
719 337 809 365 cum
829 325 909 365 inni

537 396 638 428 tatus
658 389 774 428 fueris
793 390 842 427 ab

536 452 667 504 aliquo
687 452 738 490 ad
757 452 868 503 nupti

537 527 580 553 as
627 515 708 553 noli
727 514 877 553 discum

536 578 628 616 bere
649 578 689 615 in
708 578 836 628 primo
858 577 899 615 lo

537 652 586 678 co
600 661 608 670 ·
651 652 700 678 ne
720 640 816 679 forte
836 640 888 679 ho

537 704 710 742 noratior
729 710 766 742 te
786 704 833 742 sit

537 773 702 805 uocatus
717 787 725 796 ·
767 766 782 788 ⁹
793 766 844 804 Et
862 765 953 804 ueni

537 835 576 867 at
595 829 660 879 qui
680 835 717 867 te
735 835 773 866 et
793 829 898 866 illum

537 891 695 929 uocauit
740 898 777 929 et
796 891 899 929 dicat

538 954 606 992 tibi
663 954 711 992 da
732 953 821 992 huie
842 954 933 992 loesi

536 1017 586 1055 Et
606 1016 766 1066 incipies
787 1028 876 1054 cum
896 1029 940 1054 ru

537 1080 631 1117 bore
651 1079 869 1117 nouissimii

536 1141 667 1180 locum
686 1147 817 1180 tenere

538 1204 567 1226 ¹⁰
580 1204 655 1243 Sed
675 1217 763 1242 curn
783 1211 947 1244 uocatus

537 1266 652 1306 fueris
672 1267 771 1305 uade
791 1280 832 1305 re

537 1331 677 1368 cumbe
698 1330 738 1368 in
757 1330 870 1369 nouis

537 1393 637 1432 simo
656 1393 746 1431 loco
759 1414 768 1423 ·
811 1400 854 1432 ut
873 1397 923 1432 cii

536 1455 683 1494 uenerit
701 1457 768 1507 qui
787 1463 824 1495 te
843 1457 884 1495 in

536 1519 673 1557 uitauit
691 1519 793 1558 dicat
811 1520 880 1557 tibi

537 1607 676 1645 Amice
696 1607 836 1646 accede
851 1620 896 1646 su

538 1670 735 1720 superius·
775 1676 868 1709 tunc

537 1733 608 1771 erit
623 1733 690 1771 tibi
710 1733 832 1782 gloria

538 1808 628 1834 cum
649 1796 761 1834 simul
781 1796 891 1835 disci-1
935 1786 938 1789 ’

537 1859 719 1897 bentibus
734 1879 744 1889 ·
773 1858 800 1880 ¹¹
815 1859 907 1910 quia

537 1922 667 1960 omnis
687 1922 753 1973 qui
773 1934 814 1961 se
834 1921 920 1960 exal

538 1990 592 2022 tat
612 1984 846 2023 humiliabur

537 2054 575 2086 et
594 2048 659 2098 qui
679 2060 720 2086 se
740 2048 914 2086 humiliat

537 2111 767 2149 exaltabitur
782 2132 790 2141 ·
808 2128 862 2145 ω

538 2171 566 2194 ¹²
578 2173 744 2212 Dicebat
763 2180 891 2212 autem
910 2180 948 2213 et

537 2236 734 2275 inuitatori
749 2257 758 2266 ·
806 2249 898 2275 cum

538 2299 630 2338 facis
649 2299 855 2350 prandium

540 2369 605 2401 aut
620 2374 783 2401 cenam·
826 2362 908 2401 noli

539 2426 700 2464 inuitare
720 2426 870 2464 amicos

539 2494 627 2527 tuos
644 2510 652 2519 -
696 2501 822 2539 neque
842 2488 900 2527 fra

539 2556 638 2589 tres·
682 2564 808 2602 neque
828 2563 906 2602 cog

541 2620 655 2652 natos
674 2621 762 2653 tuos
776 2635 785 2644 ·
828 2627 878 2653 ne

542 2688 641 2726 quae
660 2677 810 2716 uicinos
830 2677 908 2716 diui

542 2743 599 2776 tes
613 2759 621 2767 ·
662 2751 710 2777 ne
730 2740 827 2778 forte

543 2806 581 2838 et
599 2801 671 2850 ipsi
692 2808 727 2839 te
747 2802 953 2841 reinuitent

1452 210 1611 251 SECD
1625 230 1633 241 ·

1041 324 1093 364 Et
1111 325 1180 364 erit
1201 325 1267 364 tibi
1287 326 1430 365 retribu

1041 389 1117 427 tio·
1147 388 1176 409 ¹³
1189 389 1257 428 sed
1278 401 1368 428 cum
1389 389 1484 429 facis

1041 452 1268 491 conuiuium
1327 465 1430 492 uoca

1040 527 1230 566 pauperes
1285 515 1431 554 debiles

1041 577 1177 617 clodos
1190 598 1199 608 ·
1229 590 1370 617 caecos
1415 577 1444 600 ¹⁴
1459 584 1497 617 et

1041 640 1177 679 beatus
1197 640 1271 680 eris
1288 662 1297 671 ·
1340 640 1447 692 quod

1042 715 1125 741 non
1144 702 1288 742 habent
1307 705 1394 742 retri

1041 765 1157 804 buere
1173 766 1241 804 tibi
1258 787 1267 796 ·
1305 766 1391 805 retri

1041 828 1180 867 buetur
1197 834 1327 867 autem
1346 829 1414 867 tibi

1040 890 1080 927 in
1100 892 1376 930 resurrectione

1041 952 1230 991 iustorum
1246 974 1255 983 -
1298 952 1328 974 ¹⁶
1339 953 1444 993 Audi

1039 1027 1110 1054 ens
1130 1021 1258 1053 autem
1277 1017 1430 1067 quida*

1040 1077 1089 1115 de
1109 1078 1223 1116 simul
1244 1078 1394 1117 discum

1040 1140 1222 1179 bentibus
1242 1141 1337 1180 haec
1359 1141 1424 1179 dix

1039 1203 1067 1241 it
1087 1203 1138 1241 illi
1152 1224 1161 1234 ·
1203 1204 1346 1243 Beatus

1039 1266 1106 1316 qui
1126 1266 1369 1306 manducaue

1038 1329 1086 1367 rit
1105 1341 1249 1379 panem
1269 1330 1309 1369 in
1331 1342 1400 1381 reg

1039 1403 1094 1429 no
1114 1391 1154 1430 di
1169 1413 1178 1422 ·
1193 1413 1202 1422 ·
1231 1391 1260 1416 ¹⁶
1272 1393 1325 1431 At
1344 1394 1426 1444 ipse

1041 1454 1136 1492 dixit
1147 1455 1182 1493 ei
1196 1476 1205 1485 ·
1220 1476 1229 1485 ·
1257 1455 1397 1494 Homo

1040 1518 1200 1568 quidam
1220 1518 1307 1557 fecit

1041 1619 1203 1645 caenam
1222 1619 1407 1657 magnam

1039 1676 1077 1707 et
1095 1660 1251 1708 uocauit
1269 1670 1413 1708 multos
1430 1691 1439 1700 ·

1039 1731 1069 1753 ²⁷
1080 1738 1118 1770 et
1137 1732 1240 1770 misit
1259 1745 1415 1771 seruum
1436 1745 1481 1771 su

1039 1807 1107 1833 um
1127 1795 1177 1834 ad
1195 1795 1333 1835 horam
1353 1808 1497 1835 caenae

1040 1865 1083 1897 ut
1103 1858 1248 1897 diceret
1267 1859 1390 1898 inuita

1039 1922 1088 1960 tis
1147 1922 1272 1960 uenite
1291 1922 1370 1960 iam
1389 1935 1441 1973 pa

1040 1991 1166 2023 ratum
1186 1991 1244 2023 est
1257 2005 1266 2014 ·
1296 1983 1324 2005 ¹⁸
1335 1985 1386 2023 Et
1406 1997 1478 2024 coe

1041 2054 1181 2098 perunt
1201 2047 1311 2085 simul
1334 2059 1401 2086 om

1041 2122 1110 2148 nes
1129 2122 1314 2149 excusare
1335 2122 1375 2149 se

1041 2172 1193 2211 Primus
1213 2173 1309 2212 dixit
1365 2173 1417 2212 uil

1040 2235 1119 2274 lam
1139 2236 1238 2274 aemi
1257 2242 1295 2274 et
1314 2248 1429 2275 neces

1042 2309 1082 2335 se
1102 2298 1228 2337 habeo
1247 2299 1350 2336 exire
1372 2304 1411 2338 et

1041 2360 1172 2398 uidere
1192 2360 1298 2398 illam
1315 2381 1324 2390 ·
1370 2373 1415 2399 ro

1043 2435 1095 2473 go
1116 2431 1153 2461 te
1173 2422 1273 2460 habe
1293 2435 1356 2461 me
1375 2436 1495 2462 excus

1044 2492 1171 2524 satum
1191 2506 1199 2515 -
1218 2506 1227 2515 ·
1245 2506 1253 2515 ·
1274 2483 1304 2506 ¹⁹
1314 2485 1366 2523 Et
1384 2486 1482 2526 alius

1043 2549 1139 2587 dixit
1158 2549 1250 2599 iuga
1268 2548 1416 2588 bouum

1043 2613 1143 2651 aemi
1162 2613 1301 2663 quinq*
1320 2618 1358 2650 et
1376 2625 1424 2651 eo

1042 2676 1208 2726 probare
1228 2676 1291 2715 illa
1332 2682 1370 2715 et
1389 2676 1401 2713 i

1043 2739 1117 2778 deo
1136 2740 1269 2778 uenire
1288 2752 1370 2778 non
1388 2751 1462 2790 pos

1043 2814 1131 2840 sum
1148 2823 1176 2833 ··
1192 2800 1278 2842 ²⁰Et
1287 2803 1395 2841 -alius
1415 2802 1510 2841 dixit

1582 337 1746 364 uxorem
1767 323 1860 363 duxi
1905 329 1942 362 et

1582 400 1664 426 non
1683 398 1846 438 possum
1866 386 1956 425 ueni

1581 463 1622 490 re
1639 471 1647 480 ·
1662 471 1671 480 ·
1686 471 1695 481 ·
1725 447 1753 470 ²¹
1766 450 1818 488 Et
1837 461 2014 488 reuersus

1582 525 1717 552 seruus
1765 513 1903 551 nuntia

1581 576 1637 614 uit
1655 575 1728 614 hec
1750 576 1830 615 dfio
1849 587 1922 614 suo
1939 595 1948 605 ·

1581 638 1698 677 Tunc
1719 639 1836 677 iratus
1856 644 1966 688 pater

1580 700 1741 740 familias
1757 722 1766 731 ·
1811 700 1905 739 dixit
1925 712 1985 739 ser

1578 776 1631 803 uo
1650 776 1723 803 suo
1737 785 1746 795 ·
1788 763 1865 802 Exi
1884 764 1960 802 cito

1579 827 1620 864 in
1639 827 1774 877 plateis
1793 834 1831 865 et
1850 827 1947 865 uicis

1579 890 1744 928 ciuitatis
1757 910 1766 920 ·
1809 895 1846 928 et
1865 902 1993 940 paupe

1579 964 1640 991 res
1660 964 1705 990 ac
1725 952 1870 991 debiles
1889 960 1927 991 et

1579 1026 1719 1053 caecos
1738 1021 1775 1053 et
1795 1015 1931 1053 clodos

1579 1076 1759 1115 introduc
1778 1077 1855 1116 huc
1871 1098 1881 1108 ·
1911 1076 1940 1099 ²²
1950 1077 2002 1116 Et

1579 1140 1631 1178 ait
1651 1151 1784 1178 seruus
1803 1139 1907 1179 factfi

1577 1209 1635 1240 est
1654 1202 1730 1241 dfie
1750 1203 1848 1241 sicut
1868 1203 1972 1253 impe

1578 1265 1668 1303 rasti
1685 1286 1694 1296 ·
1736 1263 1789 1303 Et
1807 1265 1935 1304 adhuc

1573 1327 1683 1366 locus
1702 1334 1761 1366 est
1776 1349 1786 1358 ·
1803 1348 1812 1358 ·
1830 1349 1839 1358 ·
1855 1326 1884 1349 ²³
1897 1335 1934 1366 et
1953 1328 2006 1367 ait

1572 1390 1646 1429 dfis
1666 1403 1780 1430 seruo
1797 1412 1806 1422 ·
1849 1392 1911 1431 exi
1929 1392 1969 1430 in

1572 1454 1676 1492 uiam
1697 1455 1801 1493 circa
1820 1467 1932 1506 sepes
1956 1461 1960 1465 “

1572 1523 1610 1555 et
1629 1517 1804 1568 conpelle
1822 1525 1865 1557 ut
1883 1518 1924 1556 in

1573 1611 1674 1644 trent
1688 1626 1697 1636 ·
1740 1611 1784 1644 ut
1803 1606 1933 1657 inplea

1572 1674 1633 1707 tur
1652 1667 1794 1707 domus
1813 1681 1903 1708 mea

1571 1731 1601 1753 ²⁴
1613 1731 1716 1770 Dico
1735 1739 1866 1771 autem
1883 1733 1998 1772 uobis

1573 1794 1679 1846 quod
1698 1807 1815 1834 nemo
1834 1796 1920 1834 uiro

1572 1869 1659 1896 rum
1677 1857 1830 1896 illorum
1849 1859 1916 1910 qui

1571 1921 1702 1959 uocati
1722 1927 1811 1959 sunt
1830 1929 1943 1972 gusta

1570 1983 1668 2021 bunt
1688 1995 1851 2022 caenam
1870 1997 1959 2023 mea

1568 2043 1598 2067 ²⁸
1610 2045 1725 2084 Ibant
1740 2044 1847 2085 bant—
1861 2053 1990 2085 autem

1569 2121 1660 2147 cum
1678 2108 1744 2147 illo
1763 2109 1897 2148 turbae

1568 2171 1712 2210 multae
1726 2193 1735 2202 ·
1778 2172 1829 2210 Et
1849 2184 1998 2211 conuer

1569 2246 1635 2272 sus
1655 2234 1705 2273 ad
1725 2234 1810 2273 illos
1830 2234 1923 2273 dixit
1939 2256 1948 2265 ·

1568 2295 1596 2317 ²⁶
1610 2296 1649 2334 Si
1669 2297 1753 2347 quis
1768 2298 1875 2335 uenit
1890 2298 1940 2336 ad
1959 2310 2024 2337 me

1567 2365 1605 2397 et
1624 2371 1706 2397 non
1726 2360 1806 2397 odit
1825 2364 1935 2410 patre

1567 2434 1682 2460 suum
1701 2429 1739 2461 et
1758 2426 1880 2461 matre

1567 2491 1604 2524 et
1623 2497 1787 2524 uxorem
1803 2507 1812 2516 ·
1855 2493 1893 2525 et
1914 2486 2012 2525 filios

1567 2554 1604 2587 et
1623 2547 1758 2587 fratres
1773 2570 1782 2579 ·
1824 2555 1862 2588 et
1881 2561 1970 2589 soro

1566 2624 1626 2650 res
1643 2632 1652 2642 ·
1700 2613 1817 2651 etiam

1566 2681 1605 2713 et
1623 2674 1796 2713 animam
1816 2687 1861 2714 su

1567 2750 1630 2776 am
1644 2758 1653 2768 ·
1698 2750 1779 2776 non
1798 2745 1925 2790 potest

1566 2813 1678 2840 meus
1697 2801 1907 2853 discipulus
1926 2815 2011 2842 esse

2321 216 2430 259 [XIV.
2446 225 2556 262 7—33.

2086 321 2171 362 ²⁷Et
2190 324 2255 375 qui
2276 336 2357 363 non
2377 325 2522 365 baiulat
2572 337 2656 371 ποι.
2669 339 2749 371 180.

2086 398 2245 425 crucem
2264 399 2374 426 suam
2393 395 2432 427 et

2085 449 2192 488 uenit
2210 457 2301 500 post
2320 462 2384 489 me
2431 457 2508 490 n⁰n

2085 518 2215 562 potest
2234 525 2320 552 esse
2340 525 2451 553 meus

2087 574 2300 625 discipulus
2315 596 2325 606 ·
2340 597 2349 607 ·
2367 597 2376 606 ·

2085 634 2113 658 ²⁸
2127 636 2228 684 Quis
2247 650 2296 677 ex
2315 639 2428 678 uobis
2446 652 2499 679 uo

2085 700 2169 739 lens
2189 708 2332 740 turrem
2347 702 2432 742 aedi

2085 763 2199 802 ficare
2219 776 2301 803 non
2320 765 2426 815 prius

2084 825 2224 865 sedens
2245 834 2417 878 conputa

2080 889 2135 926 uit
2154 896 2303 929 sumtus
2358 891 2424 942 qui

2081 954 2286 991 necessarii
2306 963 2395 992 sunt

2081 1013 2112 1051 si
2133 1014 2249 1053 habet
2268 1016 2318 1054 ad
2337 1021 2461 1056 consfi

2080 1077 2269 1116 mandum
2285 1099 2295 1109 ·
2338 1079 2367 1101 ²⁹
2379 1092 2452 1119 nec

2081 1145 2217 1188 postea
2236 1153 2355 1192 quam
2374 1155 2428 1194 po

2081 1202 2197 1240 suerit
2211 1202 2332 1243 funda

2079 1270 2275 1303 mentum·

2078 1325 2130 1364 Et
2145 1339 2227 1365 non
2245 1341 2300 1379 po

2077 1389 2189 1428 tuerit
2208 1403 2284 1430 con

2077 1462 2270 1492 summare
2326 1467 2393 1495 om

2077 1526 2146 1553 nes
2167 1517 2232 1567 qui
2250 1517 2439 1558 uidebunt

2075 1602 2105 1625 ³⁰
2120 1603 2249 1644 dicent
2304 1607 2395 1657 quia
2414 1607 2477 1647 hic

2075 1666 2197 1706 homo
2216 1669 2345 1719 coepit
2364 1670 2450 1708 aedi

2076 1729 2193 1768 ficare
2240 1737 2278 1769 et
2296 1744 2376 1770 non
2396 1740 2493 1784 potu

2075 1792 2105 1831 it
2123 1805 2398 1834 consummare
2411 1817 2467 1824 —

2075 1854 2103 1876 ³¹
2119 1855 2200 1895 Aut
2219 1857 2305 1908 quis
2324 1870 2390 1896 rex
2410 1859 2532 1899 iturus

2075 1919 2275 1958 comittere
2290 1921 2424 1959 bellu*
2439 1943 2448 1952 ·

2074 1981 2258 2021 aduersus
2277 1983 2392 2022 alium

2073 2056 2204 2095 regem
2220 2066 2228 2075 ·
2258 2058 2339 2084 non
2359 2047 2464 2097 prius

2073 2107 2215 2147 sedens
2235 2110 2421 2159 cogitabit
2437 2131 2446 2141 ·

2072 2171 2103 2208 si
2123 2172 2290 2222 potuerit
2309 2185 2399 2211 cum
2419 2173 2468 2212 de

2071 2246 2158 2272 cem
2179 2235 2331 2273 milibus
2351 2237 2404 2274 ob

2069 2297 2176 2335 uiare
2195 2298 2230 2336 ei
2249 2298 2316 2349 qui
2336 2311 2427 2337 cum

2069 2359 2216 2410 uiginte
2237 2361 2391 2400 milibus
2412 2374 2461 2400 ue

2069 2422 2124 2460 nit
2143 2422 2328 2462 aduersus
2350 2436 2390 2462 se
2404 2447 2447 2454 —

2068 2483 2098 2506 ³²
2114 2485 2300 2537 Alioquin
2321 2487 2449 2526 adhuc
2469 2487 2536 2528 illo

2067 2548 2186 2599 longe
2207 2556 2347 2599 agente
2363 2571 2372 2580 ·
2412 2550 2500 2601 lega

2067 2611 2216 2650 tionem
2236 2613 2348 2651 mittit
2366 2625 2410 2653 ro

2068 2687 2168 2725 gans
2188 2687 2327 2725 pacem
2340 2697 2349 2706 ·
2362 2698 2418 2704 -

2069 2737 2098 2758 ³³
2112 2738 2174 2777 Sic
2195 2751 2290 2790 ergo
2308 2751 2356 2777 ex
2376 2740 2491 2778 uobis

2070 2802 2136 2852 qui
2156 2813 2238 2840 non
2257 2803 2451 2841 renuntiat

2857 2527 2872 2976 κ-Α-νῑΜ·Δὰ,.--,.ι-ω.....-...
2864 2483 2872 2489 ι
2862 2447 2872 2461 .⁴
2865 2392 2872 2426 ..l
2863 2336 2872 2371 ..-ι
2861 2203 2872 2302 n.n...
