2872 3268
549 211 602 252 16

361 338 518 372 Fonso.
545 326 691 366 malam
709 334 749 367 et
766 327 850 366 fruc

544 396 627 429 tum
642 391 726 429 eius
744 391 880 429 malu-
893 406 903 416 ·

543 465 593 492 ex
612 453 800 492 fructibus
817 459 882 492 eni

542 516 659 555 arbor
678 517 866 567 cognosci

541 584 623 617 tur·
653 576 822 628 ³⁴Proge

540 642 624 680 nies
643 642 820 692 uiperaru

541 704 742 754 quomodo
761 710 878 754 potes

541 767 588 804 tis
607 768 711 805 bona
729 766 837 818 loqui
853 783 862 792 ·

542 841 633 867 cum
651 829 732 868 sitis
751 829 844 868 mali
857 847 865 856 ·

539 890 602 930 Ex
621 892 856 931 abundantia
877 904 903 931 e

541 954 623 992 nim
642 953 773 992 cordis
792 966 837 993 os
855 955 898 993 lo

541 1016 688 1066 quitur·
721 1016 751 1038 ⁸¹⁵
763 1016 900 1056 Bonus

539 1078 660 1118 homo
678 1079 727 1117 de
746 1079 853 1119 bono

537 1141 750 1181 thensauro

535 1203 682 1254 profert
700 1205 807 1243 bona
822 1222 831 1231 ·

535 1265 589 1304 Et
605 1267 730 1306 malus
748 1267 869 1308 horno

535 1329 585 1368 de
605 1330 711 1369 malo
729 1330 846 1370 thens

533 1404 631 1431 auro
650 1393 795 1443 profert

533 1455 637 1494 mala
651 1471 660 1481 ·
699 1455 730 1478 ³⁶
740 1455 843 1496 Dico
863 1469 912 1496 au

533 1524 613 1557 tem
632 1518 744 1558 uobis
764 1540 775 1549 ·
813 1519 922 1571 quod

532 1592 654 1620 omne
676 1581 842 1621 uerbum

533 1669 702 1708 otiosum
722 1670 830 1720 quod
850 1670 939 1710 locu

531 1732 560 1770 ti
579 1731 721 1771 fuerint
739 1732 935 1785 homines·

531 1794 698 1833 reddent
716 1795 798 1834 eius
817 1796 918 1835 ratio

533 1869 624 1895 nem
643 1857 687 1895 in
704 1857 764 1896 die
783 1858 912 1898 iudicii
925 1877 934 1886 ·

531 1919 561 1941 ³⁷
574 1919 855 1972 Unusquisque
871 1923 978 1962 enim

530 1984 660 2021 uerbis
680 1984 758 2022 suis
777 1984 892 2023 iustifi

532 2045 681 2084 cabitur
720 2053 759 2085 et
776 2058 846 2085 uer

531 2108 590 2146 bis
610 2108 688 2146 suis
708 2110 936 2148 condemna

530 2171 633 2209 bitur
646 2191 654 2200 ·
683 2169 711 2192 ³⁸
722 2171 838 2210 Tunc

530 2233 817 2283 responderunt
836 2234 872 2273 ei

530 2295 689 2346 quidam
709 2296 757 2335 de
777 2297 912 2335 scribis

531 2364 570 2397 et
588 2358 758 2398 farisaeis
778 2359 893 2398 dicen

531 2428 611 2460 tes·
642 2421 827 2472 magister

531 2485 714 2523 uolumus
733 2497 756 2523 a
774 2491 812 2524 te
832 2485 945 2535 signu

531 2547 663 2586 uidere
679 2566 687 2574 ·
717 2548 747 2569 ³⁰
758 2548 818 2587 ihs
836 2551 926 2587 aute

531 2611 771 2660 respondens
789 2611 841 2649 ait
863 2611 888 2648 il

531 2671 578 2710 lis
592 2696 600 2704 ·
631 2673 846 2713 Generatio

534 2734 635 2772 mala
654 2742 691 2773 et
710 2737 882 2775 adultera

531 2797 686 2845 signum
704 2799 848 2847 querit·
877 2799 929 2838 Et

531 2858 687 2907 signum
706 2872 788 2897 non
808 2861 896 2899 dabi

530 2926 591 2958 tur
611 2920 645 2959 ei
663 2921 734 2959 nisi
754 2922 907 2972 signum

1404 210 1653 252 SECUND
1669 231 1678 242 ·

1050 325 1171 364 Ionae
1186 324 1359 375 profetae
1384 324 1452 363 ⁴⁰si

1050 393 1114 426 cut
1132 388 1238 425 enim
1258 387 1327 426 fm't
1345 387 1386 426 io
1436 431 1441 435 ⁸

1049 461 1119 487 nas
1138 449 1179 487 in
1197 455 1335 488 uentre
1358 462 1428 489 coe

1047 511 1096 549 ti·
1127 512 1248 550 tribus
1271 511 1409 551 diebus

1047 580 1085 612 et
1104 574 1223 612 tribus
1242 575 1420 614 noctibus
1436 592 1445 602 ·

1048 635 1112 675 Sic
1132 637 1202 675 erit
1221 637 1320 675 filius
1339 636 1449 676 homi

1046 698 1106 736 nis
1124 699 1165 737 in
1185 700 1303 738 corde
1320 705 1420 739 terre

1045 761 1164 799 tribus
1183 762 1317 801 diebus
1335 768 1374 801 et

1044 824 1166 863 tribus
1184 825 1364 864 noctibus
1375 843 1384 852 ·

1043 885 1072 907 ⁴²
1081 886 1164 925 Uiri
1182 888 1350 928 nineuite
1369 901 1435 928 sur

1043 956 1138 1001 gent
1155 950 1197 988 in
1211 951 1357 991 iudicio
1376 956 1430 991 esi

1043 1013 1294 1063 generatione
1309 1014 1387 1053 ista

1042 1082 1082 1114 et
1104 1076 1430 1116 condemnabunt

1041 1150 1130 1176 eam
1145 1156 1153 1164 ·
1184 1140 1279 1190 quia
1293 1140 1481 1190 paeniten

1039 1201 1133 1240 tiam
1152 1208 1317 1252 egerunt
1352 1202 1394 1240 in

1040 1264 1328 1314 praedicatione
1346 1265 1486 1304 ionae·

1040 1326 1092 1365 Et
1111 1339 1205 1366 ecce
1223 1327 1312 1378 plus
1331 1340 1451 1379 quam

1038 1389 1130 1429 iona
1149 1389 1213 1429 hic
1227 1408 1236 1416 ·
1268 1388 1298 1411 ⁴²
1309 1389 1467 1441 Regina

1039 1453 1154 1491 austri
1174 1459 1305 1504 surget
1323 1453 1366 1492 in

1039 1515 1181 1554 iudicio
1201 1528 1292 1554 cum
1310 1528 1412 1566 gene

1038 1579 1188 1618 ratione
1206 1579 1283 1618 ista
1292 1597 1300 1605 ·

1038 1673 1077 1706 et
1096 1667 1381 1706 condemnabit

1037 1742 1084 1769 ea
1098 1747 1107 1756 ·
1137 1730 1230 1780 quia
1248 1731 1356 1768 uenit

1037 1794 1088 1831 ab
1106 1793 1249 1831 ultimis
1268 1793 1370 1843 parti

1035 1856 1108 1894 bus
1127 1862 1251 1894 terrae
1297 1867 1349 1894 au

1036 1919 1116 1957 dire
1138 1918 1370 1969 sapientiam

1035 1981 1271 2021 solomonis·
1302 1987 1342 2019 et

1035 2056 1128 2083 ecce
1147 2044 1215 2094 plu
1234 2043 1298 2083 hic
1321 2051 1434 2095 qua*

1035 2107 1219 2146 solomon
1234 2124 1243 2133 ·

962 2192 969 2197 -
1036 2169 1065 2190 ⁴⁸
1079 2169 1180 2208 Cum
1200 2176 1332 2208 autem
1351 2169 1392 2208 in

1036 2232 1205 2270 mundus
1225 2236 1291 2282 sps
1310 2233 1372 2271 exi

1037 2295 1107 2333 erit
1126 2296 1176 2332 ab
1196 2295 1356 2333 homine
1372 2315 1382 2325 ·

1035 2357 1209 2396 ambulat
1228 2370 1297 2407 per
1315 2357 1356 2396 lo

1034 2432 1082 2459 ca
1102 2420 1208 2458 arida
1254 2431 1355 2470 quae

1033 2495 1128 2521 rens
1142 2483 1314 2533 requiem

1033 2552 1072 2584 et
1090 2558 1173 2584 non
1192 2544 1342 2584 inuenit
1357 2561 1364 2570 ·

1032 2609 1062 2631 44
1074 2609 1190 2647 Tunc
1210 2608 1303 2647 dicit
1356 2619 1466 2647 reuer

1030 2679 1089 2711 tar
1107 2672 1148 2710 in
1168 2672 1333 2711 domum

1031 2747 1161 2774 meam
1179 2734 1284 2772 unde
1303 2734 1367 2772 exi

1030 2799 1090 2836 ui·
1121 2805 1160 2837 et
1177 2798 1337 2836 ueniens

1031 2861 1178 2899 inuenit
1195 2867 1401 2899 uacante‘·

1029 2930 1068 2962 et
1088 2924 1216 2974 scopis
1234 2922 1381 2962 munda

1588 331 1670 364 tam
1725 332 1763 364 et
1781 332 1958 365 ornatam
1974 342 1984 352 ·

1586 387 1740 427 ⁴⁵Tunc
1758 388 1865 426 uadit
1883 395 1921 427 et
1940 388 1993 427 ad

1585 450 1702 489 sumit
1721 463 1855 490 secum
1874 451 1925 490 ali

1585 524 1631 552 os
1651 519 1758 563 septe
1777 517 1846 564 sps
1864 525 1916 552 ne

1584 575 1741 625 quiores
1760 588 1802 615 se
1818 598 1827 606 ·
1881 582 1921 615 et

1583 638 1770 677 intrantes
1789 639 1854 677 abi

1583 705 1669 739 tant
1685 700 1726 738 in
1746 713 1793 739 ea
1846 707 1884 740 et
1903 701 1930 740 fi

1583 769 1655 801 unt
1673 763 1889 803 nouissima

1584 825 1753 865 hominis
1771 826 1871 866 illius

1583 888 1716 939 peiora
1733 889 1860 940 magis

1584 963 1701 1002 quam
1720 952 1850 1002 priora
1864 973 1873 982 ·

1584 1013 1649 1053 Sic
1668 1015 1739 1053 erit
1757 1021 1796 1053 et
1814 1027 1958 1065 genera

1582 1077 1687 1117 tione
1707 1077 1796 1116 huic
1815 1078 1920 1128 pessi

1582 1151 1671 1178 mae
1685 1158 1693 1166 -
1723 1141 1752 1162 ⁴⁶
1760 1140 1874 1179 Aduc
1895 1143 1984 1179 aute

1581 1214 1630 1241 eo
1649 1202 1832 1254 loquente
1851 1203 1902 1241 ad

1580 1266 1713 1304 turbas
1767 1265 1879 1305 Ecce

1579 1334 1704 1366 mater
1722 1335 1762 1366 et
1781 1327 1916 1367 fratres

1579 1390 1662 1429 eius
1681 1391 1832 1429 stabant
1851 1390 1892 1429 fo

1578 1453 1630 1491 ris
1649 1459 1853 1502 querentes

1577 1515 1684 1567 loqui
1703 1527 1795 1554 cum
1813 1527 1862 1555 eo

1577 1666 1607 1688 ⁴⁷
1616 1666 1723 1705 Dixit
1742 1673 1874 1705 autem
1892 1666 1927 1704 ei
1946 1666 2012 1718 qui

1576 1729 1689 1767 dam.
1720 1741 1814 1768 ecce
1833 1736 1956 1767 mater

1577 1796 1643 1830 tua
1662 1798 1700 1830 et
1718 1791 1853 1830 fratres
1871 1792 1923 1830 tui
1941 1813 1950 1821 -

1576 1852 1667 1893 foris
1687 1860 1790 1893 stant
1837 1865 1914 1904 que

1576 1923 1704 1956 rentes
1723 1916 1826 1967 loqui
1846 1923 1885 1956 te

1578 1992 1690 2018 cum·
1720 1980 1749 2000 ⁴⁸
1760 1981 1813 2018 At
1830 1979 1912 2030 ipse
1931 1991 1994 2018 res

1577 2042 1755 2093 pondens
1774 2042 1870 2081 dixit

1577 2105 1718 2144 dicenti
1737 2105 1807 2143 sibi
1823 2127 1832 2135 ·
1875 2117 1950 2156 que

1577 2174 1635 2206 est
1653 2174 1780 2206 mater
1795 2179 1883 2206 mea
1898 2185 1906 2194 ·

1577 2237 1642 2269 aut
1661 2231 1726 2280 qui
1746 2238 1836 2269 sunt
1854 2230 1917 2269 fra.

1576 2300 1652 2332 tres
1671 2293 1746 2332 mei
1759 2311 1768 2319 ·
1798 2292 1827 2314 ⁴⁹
1838 2292 1890 2331 Et
1907 2305 1957 2331 ex

1575 2355 1740 2393 tendens
1759 2366 1923 2393 manum

1573 2418 1613 2456 in
1633 2417 1842 2471 discipulos
1863 2429 1954 2456 suos

1573 2480 1688 2518 dixit·
1732 2491 1824 2519 ecce
1844 2486 1967 2519 mater

1572 2555 1661 2581 mea
1679 2549 1718 2581 et
1735 2542 1869 2582 fratres

1571 2606 1648 2644 mei
1661 2624 1669 2632 ·
1700 2605 1731 2627 ⁵⁰
1741 2606 1945 2658 quicumqff

1570 2668 1674 2706 enim
1693 2668 1823 2707 fecerit
1841 2681 1893 2708 uo

1569 2731 1757 2770 luntatem
1775 2731 1893 2781 patris

1570 2795 1646 2832 mei
1666 2795 1731 2845 qui
1749 2795 1790 2832 in
1809 2794 1924 2833 caelis
1943 2800 2002 2833 est

1568 2857 1650 2908 ipse
1669 2869 1779 2895 meus
1796 2856 1911 2895 frater

1569 2926 1607 2959 et
1619 2932 1726 2960 SOI'Ol'
1733 2926 1770 2960 et
1776 2926 1898 2960 mater
1911 2926 1985 2959 est·
1994 2939 2039 2951 ⁶-

2233 199 2328 263 [5111.
2341 224 2510 265 33-xr11.
2527 224 2561 257 8.

2067 325 2234 366 *13.¹1n
2253 327 2317 366 illa
2336 335 2466 368 autem
2484 330 2546 370 die
2576 340 2660 373 ποι.
2675 341 2733 374 81.

2067 386 2241 428 *exsiens
2259 390 2321 429 ihs
2338 390 2387 429 de
2406 391 2467 431 do

2065 451 2158 491 *mo
2171 470 2180 478 ·
2210 452 2369 492 sedebat
2388 466 2428 493 se

2065 513 2160 553 *cus
2179 527 2308 554 mare·
2339 515 2416 556 ²Et
2435 530 2514 557 con

2064 576 2246 628 *gregate
2266 585 2354 618 sunt
2372 579 2423 618 ad

2064 639 2178 679 *eum
2197 642 2331 680 turbae
2349 642 2429 680 mul

2088 710 2171 742 tae·
2197 704 2251 743 ita
2270 711 2312 743 ut
2330 705 2371 742 in
2391 706 2482 744 naui

2088 766 2176 805 cula
2195 767 2412 806 ascendens

2088 829 2237 868 sederet
2250 848 2258 856 ·
2287 830 2339 869 Et
2357 843 2424 870 om

2088 892 2149 930 nis
2166 893 2279 931 turba
2297 893 2337 930 in
2355 893 2465 932 litore

2088 955 2212 993 stabat
2225 972 2233 980 ·
2264 955 2340 994 εἘἰ
2357 955 2447 995 locu

2085 1024 2147 1055 tus
2165 1024 2224 1056 est
2243 1018 2296 1056 eis
2316 1018 2440 1057 multa.

2039 1074 2042 1077 ’
2085 1080 2126 1118 in
2145 1080 2339 1130 parabolis
2357 1080 2395 1118 di

2085 1154 2200 1181 cens·
2230 1142 2336 1181 Ecce
2354 1143 2445 1182 exiit

2085 1204 2294 1244 seminator
2313 1206 2408 1244 semi

2084 1279 2178 1305 nare
2191 1284 2199 1293 ·
2229 1268 2244 1288 4
2256 1273 2294 1305 et
2313 1279 2404 1306 cum
2423 1279 2466 1307 se

2083 1330 2205 1368 minat
2256 1330 2449 1380 quaedam

2082 1392 2302 1431 ceciderunt
2321 1404 2432 1431 secus

2082 1455 2186 1492 uiam
2234 1461 2273 1493 et
2290 1461 2479 1494 uenerunt

2082 1517 2260 1556 uolucres
2279 1524 2317 1556 et
2336 1529 2450 1556 come

2083 1667 2220 1706 derunt
2238 1681 2285 1707 ea
2298 1688 2307 1699 ·
2337 1668 2443 1708 ⁵Alia

2082 1737 2213 1770 autem-
2231 1731 2456 1771 ceciderunt

2081 1794 2123 1831 in
2142 1800 2296 1844 petrosa
2347 1795 2413 1833 ubi

2082 1868 2164 1894 non
2183 1855 2350 1895 habebat
2368 1863 2425 1895 ter

2081 1930 2167 1957 ram
2185 1919 2348 1956 multam
2362 1936 2370 1944 ·
2401 1926 2440 1958 et

2081 1981 2270 2020 continuo
2286 1981 2409 2021 exhor

2081 2049 2121 2082 ta
2141 2050 2231 2083 sunt
2278 2045 2454 2096 quonia-

2082 2118 2163 2145 non
2183 2106 2351 2146 habebat
2369 2107 2435 2146 alzti

2081 2168 2252 2207 tudinem
2271 2175 2414 2208 terrae·

2080 2228 2197 2270 ⁶Sole
2216 2238 2345 2270 autern
2364 2231 2476 2271 horto

2079 2299 2350 2332 aestuauerunt
2362 2311 2371 2320 ·

2078 2355 2131 2394 Et
2148 2356 2238 2407 quia
2255 2369 2337 2395 non
2355 2357 2457 2396 habe

2077 2418 2173 2457 bant
2190 2418 2382 2457 radicem·
2413 2432 2438 2459 a

2075 2488 2234 2519 ruerunt
2247 2498 2255 2506 -
2285 2481 2395 2521 ''Alia

2075 2549 2207 2581 autem
2225 2544 2450 2586 ceciderunt

2073 2605 2114 2642 in
2133 2606 2252 2655 spinis
2312 2613 2350 2644 et
2368 2618 2434 2645 cre

2072 2675 2210 2706 uerunt
2230 2669 2364 2719 spinae

2069 2737 2108 2769 et
2128 2731 2416 2771 soffucauerunt

2071 2805 2118 2832 ea
2131 2811 2139 2819 ·
2171 2794 2283 2832 ⁸Alia
2302 2801 2431 2833 autern

2072 2857 2293 2896 ceciderunt
2310 2858 2351 2896 in
2369 2864 2502 2897 terra-
