2872 3268
511 223 592 255 102

303 330 476 364 1⁸01.141.
503 329 674 369 hominis
690 351 699 361 ·
729 329 875 370 ⁸2trade

504 398 566 431 tur
581 393 688 431 enim
708 394 860 444 gentibs

502 462 542 495 et
561 456 753 495 inludetur
772 463 810 495 et

502 518 703 569 inspuetur
744 519 773 541 ⁸⁸
785 526 823 558 et
841 519 893 558 fla

502 582 688 631 gellatum
707 582 794 621 occi

501 643 594 682 dent
612 645 718 683 illum
755 652 793 683 et
812 651 869 683 ter

500 707 553 744 tia
572 707 633 745 die
651 716 824 757 resurget
837 728 846 737 ·

499 768 529 789 ³⁴
541 769 591 807 Et
610 770 684 820 ipsi
703 769 795 807 nihil
814 769 912 807 horsi

498 832 765 870 intellexerunt
780 853 789 862 ·

1422 214 1582 255 SECD
1596 235 1605 246 ·

1007 329 1037 352 ⁴²
1048 330 1098 368 Et
1111 330 1169 368 ihs
1185 328 1279 369 dixit
1293 330 1346 369 illi
1358 332 1460 382 respi

1007 406 1052 432 ce
1093 393 1189 431 fides
1210 400 1276 432 tua
1294 400 1331 432 te
1352 394 1408 433 sal

1006 463 1092 493 uum
1105 455 1195 494 fecit
1236 456 1265 477 ⁴³
1277 462 1315 495 et
1327 457 1461 496 confes

1004 518 1073 556 tim
1092 519 1188 556 uidit
1204 539 1213 548 ·
1254 525 1292 557 et
1311 527 1396 571 seqs

1006 581 1116 619 batur
1135 581 1242 620 illum
1284 595 1377 634 mag

1004 643 1168 682 nificans
1188 644 1255 682 dffi
1297 651 1336 684 et

1004 706 1132 744 omnis
1152 707 1262 757 plebs
1281 714 1323 746 ut
1341 709 1381 746 ui

1004 767 1059 806 dit
1077 768 1182 807 dedit
1199 770 1352 809 laudem

858 841 991 883 [1e0]t10
1005 830 1057 868 d6
1098 834 1195 873 †19.
1212 832 1225 854 ¹
1238 839 1276 871 et
1295 834 1424 884 ingres

497 894 566 934 sed
585 901 665 933 erat
683 895 846 933 uerbum
875 894 983 927 Zacch
1004 905 1069 932 sus
1088 895 1377 945 perambulabat

498 957 771 996 absconditum
791 958 841 996 ab

498 1021 553 1059 eis
569 1041 578 1050 ·
610 1026 647 1059 et
666 1032 748 1059 non
767 1020 860 1059 intel

498 1083 674 1122 lexerunt
694 1083 801 1133 quod
821 1083 860 1121 di

498 1146 679 1184 cebatur·
710 1146 765 1186 †³⁵5
777 1146 827 1185 Et
847 1146 907 1186 fac

494 1214 578 1246 tum
597 1214 655 1246 est
677 1221 767 1247 cum
787 1209 837 1247 ad

494 1271 773 1323 propinquaret
792 1272 832 1310 hi

493 1333 626 1372 ericho
677 1347 817 1373 caecus

494 1397 654 1447 quidam
674 1397 835 1436 sedebat

492 1471 605 1499 secus
624 1460 729 1498 uiam
747 1473 839 1499 men

492 1523 601 1561 dicus
614 1544 624 1554 ·
653 1523 682 1544 ⁸⁶
693 1523 745 1561 Et
764 1535 855 1562 cum
874 1536 923 1562 au

492 1585 612 1624 disset
632 1586 786 1624 turbam

491 1679 778 1723 pretereuntem

491 1736 752 1786 interrogabat
774 1736 868 1788 quid
933 1782 936 1786 Δ

490 1798 568 1837 hoc
588 1805 688 1838 esset
701 1820 710 1829 ·
740 1799 770 1821 ³⁷
783 1800 919 1839 nuntia

490 1868 629 1899 uerunt
648 1868 778 1900 autem
799 1862 850 1900 illi

490 1924 598 1974 quod
618 1924 678 1963 ihs
698 1937 886 1963 nazoreus

489 1987 650 2026 transit·
679 1987 707 2008 ³⁸
719 1988 771 2026 Et
793 1987 919 2026 clama

489 2050 544 2087 uit
563 2050 697 2088 dicens
713 2071 722 2080 -
766 2050 832 2088 ihu
852 2051 904 2088 fili

489 2111 607 2150 dauid
625 2113 806 2151 miserere
825 2114 903 2151 mei
920 2134 929 2143 ·

490 2175 519 2196 ⁸⁹
530 2181 568 2213 et
589 2175 655 2226 qui
673 2176 852 2225 preibant
871 2176 911 2213 in

488 2238 700 2288 crepabant
719 2250 809 2276 eum
828 2244 871 2276 ut

488 2306 631 2338 taceret
644 2321 653 2330 ·
697 2300 781 2350 ipse
800 2312 896 2339 uero

489 2363 611 2401 multo
630 2363 756 2413 magis
775 2363 901 2402 clama

488 2426 554 2463 bat
570 2446 579 2456 ·
623 2426 675 2463 fili
696 2426 812 2464 dauid
830 2427 927 2465 mise

487 2500 570 2526 rere
589 2489 683 2526 mihi
699 2509 708 2519 ·
739 2487 768 2509 ⁴⁰
781 2488 894 2527 Stans

488 2556 617 2589 autem
636 2551 695 2589 ihs
713 2552 821 2590 iussit

490 2612 596 2650 illum
611 2614 749 2652 adduci
765 2614 814 2652 ad
833 2626 874 2653 se
888 2636 896 2645 ·
915 2636 924 2646 ·
942 2636 952 2646 ·

490 2681 528 2712 et
547 2687 636 2713 curn
656 2677 922 2727 adpropiasset

490 2735 739 2787 interrogauit
757 2740 822 2777 illu

490 2797 517 2817 ⁴¹
531 2797 663 2836 dicens
703 2800 796 2850 quid
811 2802 879 2839 tibi
894 2803 953 2840 uis

490 2859 630 2897 faciam
643 2880 651 2889 ·
695 2867 733 2898 at
752 2862 813 2900 ille
833 2863 926 2902 dixit

490 2927 531 2959 ut
549 2921 702 2960 uideam
722 2923 795 2962 dfie
812 2945 821 2954 ·

1002 955 1176 996 hiericho
1203 958 1219 980 ²
1234 964 1272 997 et
1291 972 1384 999 ecce

1000 1019 1059 1057 uir
1078 1021 1238 1059 nomine
1258 1034 1350 1061 zace

999 1094 1046 1120 us
1092 1088 1130 1121 et
1149 1083 1211 1122 hic
1232 1090 1313 1123 erat
1326 1106 1335 1115 ·
1383 1085 1471 1137 prin

998 1157 1092 1196 ceps
1111 1147 1320 1197 puplicano

997 1220 1084 1246 rum
1105 1215 1143 1247 et
1162 1210 1240 1260 ipse
1260 1210 1369 1250 diues
1382 1232 1391 1242 ·

999 1270 1012 1291 ⁸
1024 1271 1076 1309 Et
1096 1274 1282 1323 querebat
1302 1274 1432 1314 uidere

998 1333 1080 1371 ihm
1098 1335 1184 1385 quis
1203 1342 1305 1375 esset
1346 1343 1385 1376 et

997 1408 1080 1435 non
1099 1403 1249 1448 poterat
1267 1411 1336 1449 pre

995 1460 1108 1498 turba
1149 1461 1241 1510 quia
1260 1468 1364 1500 stura

996 1522 1158 1572 pusillus
1178 1530 1260 1562 erat
1301 1524 1316 1544 ⁴
1329 1525 1381 1563 Et

996 1596 1155 1624 currens
1175 1587 1348 1625 ascendit

996 1672 1036 1710 in
1056 1673 1235 1712 arborem
1258 1686 1351 1725 syco

996 1747 1151 1773 morum
1171 1742 1212 1775 ut
1231 1737 1320 1775 uide

994 1804 1053 1836 ret
1072 1798 1179 1837 illum
1199 1801 1290 1851 quia
1309 1800 1334 1838 il

994 1860 1032 1899 la
1050 1867 1158 1911 parte
1178 1869 1257 1900 erat
1276 1870 1361 1902 tran

995 1923 1136 1962 siturus
1152 1945 1161 1954 ·
1191 1924 1206 1946 ⁶
1217 1925 1269 1963 Et
1288 1925 1347 1964 fac

995 1992 1079 2025 tum
1099 1993 1157 2025 est
1176 1987 1269 2026 dum
1289 1995 1373 2027 tran

995 2049 1044 2088 sit
1063 2049 1121 2088 ihs
1163 2051 1376 2101 respiciens

994 2112 1091 2150 uidit
1110 2112 1217 2151 illum
1260 2121 1298 2153 et
1317 2114 1382 2152 dix

994 2174 1022 2212 it
1042 2175 1092 2213 ad
1111 2187 1202 2213 eum
1222 2177 1413 2216 zaccheae

993 2236 1131 2276 festina
1150 2238 1344 2278 descende
1360 2260 1370 2271 ·

991 2300 1083 2350 quia
1101 2300 1217 2339 hodie
1235 2301 1276 2339 in
1296 2302 1416 2341 domo

991 2367 1058 2400 tua
1077 2369 1231 2413 oportet
1250 2376 1313 2402 me
1332 2377 1398 2403 ma

991 2436 1083 2463 nere
1124 2425 1187 2464 ⁶et
1206 2426 1392 2465 festinans

990 2487 1191 2527 descendit
1231 2495 1270 2527 et
1287 2502 1383 2529 exce

989 2550 1045 2601 pit
1065 2550 1170 2588 illum
1188 2552 1363 2601 gaudens
1379 2573 1389 2583 ·

988 2613 1003 2634 ⁷
1014 2613 1066 2653 Et
1085 2626 1178 2652 cum
1195 2614 1370 2654 uiderent
1388 2627 1455 2654 om

989 2688 1059 2714 nes
1078 2688 1325 2717 murmuraue

989 2745 1078 2777 runt
1094 2739 1265 2779 dicentes
1281 2762 1290 2772 ·

989 2802 1081 2852 quia
1099 2802 1149 2844 ad
1167 2803 1368 2842 hominem

988 2871 1235 2913 peccatorem
1254 2866 1372 2905 deuer

988 2926 1032 2964 tit
1047 2947 1056 2957 ·
1085 2927 1099 2948 ⁸
1114 2927 1227 2967 Stans
1245 2933 1334 2968 aute

1545 331 1744 371 Zaccheus
1764 332 1860 373 dixit

1543 395 1592 433 ad
1612 395 1707 434 dnm
1721 416 1730 426 ·
1765 408 1858 436 ecce
1879 397 1918 435 di

1541 458 1704 496 midium
1724 458 1874 498 bonorfi

1542 531 1720 559 meorum
1738 521 1815 559 dfie
1835 521 1887 561 do

1541 583 1774 632 pauperibus
1791 604 1800 614 ·
1840 590 1879 624 et

1541 644 1574 682 si
1594 645 1687 696 quid
1706 646 1820 685 alicui
1839 647 1922 686 frau

1542 706 1590 745 de
1610 708 1749 746 abstuli
1787 709 1908 750 reddo

1540 770 1799 821 quadruplum
1811 793 1821 803 ·

1541 831 1554 852 ⁹
1567 832 1633 871 Ait
1651 839 1782 872 autem
1802 834 1861 873 ihs
1881 835 1931 874 ad
1950 835 1976 874 il

1540 895 1621 933 lum
1639 897 1746 947 quod
1765 897 1880 937 hodie

1540 958 1643 996 salus
1663 958 1797 998 domui
1816 960 1905 1000 huic

1540 1020 1640 1060 facta
1659 1028 1717 1060 est
1732 1043 1741 1052 -
1781 1035 1830 1062 eo
1851 1024 1959 1075 quod

1538 1083 1622 1134 ipse
1642 1085 1690 1122 sit
1708 1085 1808 1125 filius
1829 1088 1922 1125 abra

1537 1146 1586 1185 he
1601 1168 1610 1178 ·
1626 1168 1635 1177 ·
1664 1145 1694 1168 ²⁰
1705 1147 1824 1191 Uenit
1843 1151 1949 1189 enim

1536 1209 1636 1248 filius
1655 1210 1825 1251 hominis

1535 1285 1719 1323 quaerere
1739 1281 1776 1313 et
1797 1275 1905 1314 salui-1

1533 1335 1660 1374 facere
1679 1337 1786 1387 quod
1804 1338 1886 1388 peri

1533 1404 1614 1437 erat
1629 1419 1638 1428 ·
1670 1399 1698 1420 ¹¹
1711 1399 1808 1443 haec
1829 1401 1901 1441 illis
1921 1413 1971 1440 au

1532 1461 1725 1500 clientibus
1741 1483 1750 1492 ·
1790 1463 1961 1503 adiciens

1531 1522 1640 1562 Dixit
1660 1523 1903 1567 similitudine

1531 1598 1580 1625 eo
1600 1587 1707 1638 quod
1726 1595 1827 1627 esset
1846 1602 1917 1640 pro

1530 1687 1580 1725 pe
1599 1674 1830 1715 hierusalem
1843 1697 1852 1707 ·

1527 1743 1565 1775 et
1584 1738 1676 1788 quia
1695 1739 1925 1779 extimarent

1527 1800 1634 1851 quod
1653 1801 1858 1841 confestim

1526 1875 1692 1913 regnum
1710 1863 1750 1902 di
1767 1865 1930 1904 manifes

1526 1931 1669 1965 taretur
1682 1948 1691 1957 ·
1709 1947 1718 1958 ·
1733 1947 1743 1958 ·
1771 1926 1802 1949 ¹²
1813 1927 1922 1967 Dixit
1940 1941 1981 1967 er

1526 2001 1579 2039 go
1595 2010 1605 2019 ·
1645 1989 1766 2029 homo
1786 1991 1945 2042 quidam

1527 2059 1608 2091 erat
1628 2052 1736 2092 diues
1777 2055 1810 2092 is
1829 2055 1921 2093 abiit

1526 2115 1566 2152 in
1585 2115 1786 2166 regionem
1806 2117 1944 2168 longin

1525 2189 1644 2228 quam
1664 2179 1839 2229 accipere
1857 2192 1928 2231 reg

1524 2252 1620 2277 num
1640 2247 1678 2279 et
1698 2241 1838 2280 reuerti
1853 2262 1862 2272 ·
1881 2262 1910 2270 -

1523 2301 1551 2322 ¹³
1566 2308 1604 2340 et
1622 2303 1780 2341 uocauit
1798 2303 1936 2343 decem

1523 2376 1658 2407 seruos
1678 2377 1769 2404 suos
1785 2386 1794 2396 ·
1835 2373 1874 2405 et
1892 2366 1940 2405 de

1523 2426 1577 2464 dit
1592 2427 1663 2465 illis
1682 2428 1819 2470 decem
1837 2440 1949 2467 mnas
1964 2450 1973 2459 ·

1522 2495 1560 2527 et
1573 2490 1623 2528 ait
1638 2489 1688 2528 ad
1703 2490 1788 2529 illos
1831 2492 1989 2542 negotia

1522 2553 1619 2597 mini
1638 2553 1732 2591 dum
1751 2554 1935 2593 uenio—

1521 2613 1551 2636 14
1564 2614 1680 2653 Ciues
1695 2621 1824 2655 autem
1839 2617 1897 2655 sui
1912 2617 1988 2655 ode
2008 2651 2013 2659 s

1521 2684 1608 2716 rant
1627 2679 1734 2716 illum
1747 2699 1757 2709 ·
1785 2686 1824 2718 et
1842 2680 1937 2720 mise

1521 2747 1610 2779 runt
1631 2741 1866 2792 legationem

1521 2810 1612 2855 post
1630 2804 1738 2843 illum
1758 2805 1871 2844 dicen

1520 2873 1578 2905 tes
1620 2867 1800 2908 nolumus
1819 2868 1923 2908 hunc

1520 2942 1680 2980 regnare
1700 2943 1815 2982 super
1834 2943 1905 2971 nos

2114 225 2258 268 [an.
2278 229 2446 270 ,ax-xxx.
2462 239 2518 271 23.
2549 214 2551 216 “

2049 333 2135 374 ¹⁵Et
2149 335 2295 376 factum
2307 343 2365 376 est
2379 337 2421 377 ut
2433 338 2515 378 redi
2533 348 2616 382 1¹01.
2632 349 2715 385 148.

2046 398 2186 437 rediret
2205 406 2370 450 accepto

2045 472 2168 511 regno
2184 481 2193 491 ·
2212 481 2221 490 ·
2263 469 2301 501 et
2321 463 2430 502 iussit
2448 475 2501 503 uo

2044 523 2122 562 cari
2142 535 2275 563 seruos
2295 524 2436 576 quibus

2043 585 2148 626 dedit
2166 588 2374 636 pecuniam
2391 595 2436 628 ut

2042 648 2158 686 sciret
2176 657 2364 700 quantum

2042 711 2206 762 quisque
2225 713 2381 752 necotia

2041 779 2103 811 tus
2123 780 2223 813 esset
2238 795 2248 805 ·
2277 774 2438 814 ²⁶Uenit

2041 842 2171 875 autem
2188 837 2334 887 primus
2373 839 2413 877 di

2040 911 2134 937 cens
2154 899 2230 938 d1'1e
2249 910 2343 939 mna
2362 908 2428 940 tua

2039 961 2178 1000 decem
2197 975 2310 1002 mnas
2330 964 2447 1016 adqui

2040 1024 2150 1062 siuit·
2179 1023 2209 1048 1⁷
2219 1025 2272 1063 Et
2290 1026 2342 1065 ait
2361 1027 2413 1065 illi
2433 1039 2482 1066 eu

2038 1099 2087 1137 ge
2106 1088 2211 1126 bone
2231 1100 2339 1128 serue
2359 1090 2452 1141 quia

2038 1150 2078 1188 in
2097 1150 2253 1191 modico
2273 1151 2396 1190 fidelis

2036 1211 2141 1251 fuisti
2162 1233 2170 1243 ·
2215 1213 2303 1253 Eris
2322 1221 2436 1265 potes

2035 1280 2153 1312 tatem
2172 1275 2322 1315 habens
2341 1289 2458 1328 supra

2035 1337 2172 1376 decem
2192 1338 2366 1378 ciuitates

2034 1398 2062 1421 ¹⁸
2074 1399 2125 1439 Et
2139 1400 2234 1439 alter
2248 1402 2355 1440 uenit
2369 1401 2503 1442 dicens

2034 1462 2110 1501 dfie
2130 1475 2224 1502 mna
2242 1470 2308 1505 tua
2326 1464 2364 1504 fe

2033 1525 2085 1564 cit
2107 1526 2278 1577 quinque
2297 1539 2409 1567 mnas
2425 1548 2435 1558 ·

2033 1587 2061 1610 ¹⁹
2073 1588 2140 1627 Ait
2159 1596 2288 1628 autem
2307 1597 2345 1628 et
2363 1590 2454 1630 huic

2033 1682 2070 1715 et
2090 1682 2131 1715 tu
2150 1683 2235 1716 esto
2256 1690 2373 1729 supra

2028 1739 2200 1791 quinque
2220 1741 2394 1780 ciuitates
2407 1761 2416 1771 -
2432 1762 2442 1774 ·

2028 1800 2058 1823 ²⁰
2072 1801 2124 1840 Et
2135 1802 2231 1842 alter
2243 1804 2350 1842 uenit
2364 1804 2499 1844 dicens

2028 1864 2104 1903 dne
2124 1877 2217 1907 ecce
2236 1878 2329 1904 mna
2347 1873 2415 1906 tua

2028 1939 2146 1978 quam
2166 1928 2285 1967 habui
2304 1941 2402 1980 repo

2029 1990 2141 2028 sitam
2163 1990 2203 2028 in
2219 1990 2372 2031 sudario
2385 2013 2394 2022 ·

2027 2050 2055 2073 ²¹
2067 2053 2158 2103 quia
2175 2054 2285 2092 timui
2303 2060 2341 2092 te
2360 2055 2463 2106 quod

2026 2114 2147 2154 homo
2167 2117 2329 2156 austeris
2349 2129 2392 2159 es

2026 2178 2135 2217 tolles
2155 2179 2264 2230 quod
2285 2192 2367 2218 non

2025 2241 2189 2290 posuisti
2203 2262 2214 2272 ·
2256 2241 2308 2282 Et
2327 2254 2391 2280 me

2024 2308 2081 2340 tes
2100 2303 2208 2354 quod
2226 2316 2308 2342 non
2329 2317 2369 2343 se

2023 2365 2158 2403 minati
2170 2387 2178 2396 ·
2194 2386 2202 2396 ·
2218 2386 2227 2396 ·
2257 2364 2286 2386 ²²
2297 2366 2406 2409 Dixit

2023 2434 2152 2466 autem
2171 2428 2224 2466 illi
2263 2428 2312 2467 de
2331 2441 2398 2469 ore

2023 2497 2090 2529 tuo
2109 2496 2146 2529 te
2166 2490 2296 2530 iudico
2311 2512 2321 2522 ·
2363 2504 2389 2532 ο
2407 2514 2416 2523 ·

2022 2552 2187 2591 infidelis
2207 2566 2316 2593 serue

2023 2622 2061 2654 et
2079 2616 2190 2666 piger
2203 2637 2212 2647 ·
2255 2616 2415 2657 Sciebas

2022 2678 2130 2729 quod
2148 2691 2224 2729 ego
2243 2679 2365 2719 homo

2021 2742 2179 2780 austeris
2198 2754 2286 2780 sum
2299 2763 2308 2772 ·
2352 2744 2406 2782 tol

2020 2803 2059 2843 lo
2078 2804 2185 2855 quod
2203 2817 2284 2843 non
2303 2806 2418 2856 posui
2433 2826 2444 2838 ·

2021 2873 2059 2906 et
2077 2873 2182 2906 meto
2202 2868 2308 2919 quod
2327 2881 2409 2907 non

2022 2930 2210 2969 seminaui
2223 2951 2232 2961 ·
2262 2929 2290 2951 ²³
2305 2931 2356 2969 Et
2374 2943 2454 2982 qua
