2872 3268
247 210 375 242 xvm.
392 210 553 252 19-XIx.
568 207 618 253 9.]

63 321 219 356 volam.
249 316 378 356 Amen
397 316 486 355 dico
505 315 617 354 uobis

247 380 338 430 quia
357 379 388 417 si
409 379 487 417 duo
506 381 636 417 uestrii

244 442 497 481 conuenerint
516 453 562 479 su

242 516 312 555 per
330 510 471 543 terram
517 504 565 543 de

244 567 353 607 omni
374 579 416 606 re
435 579 603 618 quecum

245 641 320 680 que
339 629 506 680 pitierint
519 649 528 659 ·
558 629 584 667 fi

244 698 283 731 et
300 691 373 730 illis
392 704 415 730 a
434 698 543 743 patre
561 703 653 731 meo

245 754 312 804 qui
330 754 371 792 in
390 754 506 792 caelis
526 759 584 792 est
597 773 606 783 ·

243 814 273 837 ’⁰
285 815 365 854 Ubi
383 817 487 855 enim
507 822 596 855 sunt
614 815 693 855 duo

241 878 305 917 uel
323 885 399 917 tres
418 891 565 928 congre

242 941 322 991 gati
339 941 380 978 in
397 941 556 980 nomine

243 1015 333 1042 meo
389 1003 442 1041 ibi
463 1015 550 1041 sum
568 1003 610 1041 in

243 1065 373 1105 medio
392 1077 527 1105 eorum
541 1087 550 1097 ·

241 1127 271 1150 ²¹
284 1129 400 1168 Tunc
419 1129 611 1168 accedens

243 1190 294 1231 ad
312 1203 403 1230 eum
421 1198 553 1242 petrus

243 1254 361 1293 dixit·
390 1253 466 1292 dne
486 1265 566 1303 quo

241 1316 342 1355 tiens
364 1315 542 1367 peccauit
563 1316 603 1354 in

241 1390 306 1417 me
324 1379 438 1417 frater
456 1390 567 1416 meus

242 1447 281 1480 et
298 1441 489 1480 remittam
509 1441 567 1479 ei·

240 1516 365 1555 usque
383 1504 551 1554 septiens
566 1524 576 1534 ·

239 1590 422 1630 ”Dicitei
434 1591 511 1630 ihs·
527 1604 608 1630 non
620 1591 710 1631 dico

241 1654 311 1693 tibi
329 1666 478 1704 usquae
501 1654 600 1704 septi

241 1728 335 1755 ens·
367 1715 445 1754 Sed
464 1727 610 1766 usquae

243 1779 463 1829 septuagies
483 1779 582 1828 septi

242 1843 269 1887 †
280 1853 323 1881 es
338 1861 349 1871 ·
391 1839 419 1862 ’Β
432 1840 527 1879 Ideo
547 1840 680 1879 similis

242 1899 302 1942 est
318 1903 472 1942 habitus
491 1915 561 1953 reg

242 1966 284 2004 ni
302 1965 500 2005 caelorum
518 1965 570 2004 ho

242 2028 339 2067 mini
357 2028 462 2079 regi·
491 2028 557 2078 qui
574 2039 628 2066 uo

241 2090 310 2130 luit
327 2091 517 2129 rationem
536 2102 590 2141 po

240 2165 334 2192 nere
353 2165 442 2192 cum
462 2153 582 2191 seruis

241 2216 320 2256 suis
337 2236 346 2246 ·
388 2213 468 2254 “et
487 2227 578 2255 cum
597 2227 668 2255 coe

241 2278 362 2330 pisset
379 2278 568 2317 rationem

241 2352 387 2392 ponere
447 2340 602 2379 oblatus

242 2409 302 2442 est
319 2402 356 2441 ei
372 2415 474 2441 unus
521 2404 589 2453 qui

243 2464 409 2504 debebat
427 2465 463 2504 ei
481 2465 577 2503 dece

243 2527 348 2566 milia
365 2527 601 2567 talentoru-·

243 2589 275 2612 ²⁶
288 2588 390 2628 Cum
408 2595 538 2627 autem
557 2601 639 2629 non

244 2651 402 2690 haberet
455 2650 560 2689 unde

245 2712 423 2752 redderet
435 2733 444 2742 ·
478 2713 538 2751 ius

247 2775 295 2815 sit
313 2787 405 2815 eum
423 2774 497 2815 (ἰῆς
512 2775 595 2814 eius

1095 199 1184 239 MA
1196 191 1408 239 TTHEU
1415 220 1424 229 ·

748 313 963 353 uenundari
1010 319 1048 352 et
1067 325 1120 353 ux

747 389 856 415 orem
874 376 956 415 eius
975 383 1013 414 et
1032 376 1084 414 fili

747 451 792 477 os
806 460 814 468 ·
836 445 874 478 et
894 439 1026 478 omnia
1045 450 1145 488 quae

745 500 914 539 habebat
958 507 995 539 et
1013 500 1084 539 red

745 562 784 600 di
803 562 976 601 debitum
993 583 1002 593 ·

743 623 772 646 ²⁶
785 624 998 663 Procidens
1017 636 1113 674 ergo

744 698 876 725 seruus
896 687 1078 726 adorabat

742 761 833 788 eum
852 749 985 788 dicens
1001 770 1011 780 ·
1041 750 1116 788 dfie

743 811 967 862 patientiam
986 811 1088 851 habe

743 873 783 911 in
803 886 866 912 me
882 894 892 904 ·
920 880 958 912 et
977 874 1111 912 omnia

743 937 812 975 tibi
830 936 990 975 reddam
1005 958 1014 967 ·
1054 936 1084 958 ²⁷
1098 937 1151 975 mi

745 1006 867 1038 sertus
887 1006 1016 1038 autem
1037 999 1112 1039 dfis

745 1063 846 1101 serui
867 1062 965 1100 illius
985 1063 1078 1101 dimi

745 1125 792 1163 sit
811 1137 902 1163 eum
915 1145 924 1154 ·
955 1131 993 1163 et
1012 1125 1144 1164 debiti-1

745 1187 888 1226 dimisit
906 1187 940 1225 ei
956 1207 964 1217 ·
979 1208 987 1217 -
1027 1186 1057 1208 ²⁸
1073 1200 1163 1238 egre

746 1261 811 1288 sus
830 1256 960 1288 autem
980 1262 1112 1288 seruus

743 1311 804 1350 ille
823 1312 971 1350 inuenit
988 1324 1015 1349 u

745 1386 841 1412 num
860 1386 908 1412 ex
929 1374 1125 1413 conseruis

746 1437 824 1475 suis
841 1457 849 1466 ·
879 1437 944 1487 qui
963 1437 1061 1475 debe

745 1500 812 1538 bat
829 1499 864 1538 ei
884 1505 1039 1538 centum
1054 1499 1102 1538 de

743 1587 875 1626 narios
887 1609 896 1618 ·
927 1594 966 1626 et
985 1594 1119 1626 tenens

744 1661 835 1687 eum
858 1650 1075 1689 suffocabat

745 1712 880 1751 dicens
897 1733 906 1743 ·
959 1713 1101 1752 Redde

744 1776 776 1814 si
797 1775 890 1825 quid
910 1775 1031 1814 debes
1045 1796 1055 1806 ·

742 1835 772 1859 ²⁹
785 1838 996 1877 Procidens
1015 1851 1109 1889 ergo

743 1912 954 1940 conseruus
968 1901 1050 1940 eius

743 1964 795 2002 ad
814 1963 935 2014 pedes
954 1963 1058 2002 eius·
1089 1976 1132 2002 ro

743 2026 862 2076 gabat
881 2038 971 2064 eum
990 2026 1125 2065 dicens
1142 2046 1151 2056 ·

743 2089 970 2139 patientiam
988 2088 1089 2127 habe

742 2151 784 2189 in
803 2163 868 2189 me
886 2157 924 2189 et
947 2151 1081 2189 omnia

743 2213 906 2252 reddam
926 2214 993 2252 tibi
1006 2234 1015 2244 ·
1055 2213 1085 2234 ⁸⁰
1097 2213 1124 2252 il

743 2276 780 2315 le
799 2283 930 2315 autem
950 2276 1074 2315 noluit
1090 2297 1099 2306 ·

745 2339 824 2378 Sed
843 2339 935 2378 abiit
953 2345 991 2377 et
1011 2339 1115 2378 misit

744 2414 835 2441 eum
854 2402 895 2440 in
914 2405 1069 2441 carcere

743 2465 873 2504 donec
892 2464 1071 2503 redderet

745 2528 919 2566 debitum
932 2548 941 2558 ·
974 2526 1002 2548 ³¹
1012 2527 1062 2565 Ui

745 2590 882 2628 dentes
901 2597 1031 2628 autem
1050 2601 1129 2628 con

745 2652 846 2691 serui
864 2652 961 2690 illius
975 2664 1074 2702 quae

745 2713 910 2753 faciebat
922 2734 931 2744 ·
961 2713 1107 2753 contris

746 2774 813 2815 ta¹²i
833 2782 922 2816 sunt
940 2776 1054 2816 ualde

1284 311 1335 352 Et
1354 312 1554 352 uenientes
1575 318 1664 352 enar

1283 381 1463 413 rauerunt
1483 375 1565 413 dfio

1284 449 1354 475 suo
1371 437 1505 475 omnia
1523 449 1623 487 quae

1282 499 1385 538 facta
1405 505 1494 538 sunt
1510 520 1519 529 ·
1562 498 1591 520 ⁸²
1605 506 1698 538 tunc

1282 573 1428 600 uocans
1449 573 1538 599 eum
1559 561 1632 600 dfis
1646 582 1654 591 ·

1281 624 1364 661 eius
1412 623 1462 662 ait
1481 623 1557 662 illi·
1587 635 1649 662 ser

1280 698 1329 724 ue
1349 698 1478 737 nequa
1527 698 1595 725 om

1280 761 1373 787 nem
1394 749 1567 788 debitum

1279 809 1410 849 remisi
1429 811 1496 849 tibi
1516 815 1612 862 qum

1279 874 1425 924 rogasti
1443 886 1507 912 me
1521 894 1530 904 ·

1279 935 1309 957 ⁸⁸
1322 949 1402 974 non
1421 948 1517 986 ergo
1538 948 1638 987 opor

1280 999 1350 1037 tuit
1369 1004 1407 1037 et
1427 1005 1465 1037 te
1512 999 1611 1038 mise

1280 1061 1353 1099 reri
1372 1061 1549 1099 conserui

1280 1124 1357 1162 tui·
1385 1124 1481 1161 sicut
1505 1129 1542 1161 et
1562 1136 1584 1162 e

1281 1198 1334 1236 go
1354 1186 1407 1224 tui
1426 1186 1602 1224 misertus

1283 1261 1368 1287 sum
1382 1269 1391 1279 ·
1434 1248 1463 1269 ⁸⁴
1474 1247 1525 1286 Et
1542 1249 1660 1287 iratus

1282 1311 1355 1349 diis
1374 1311 1457 1349 eius
1502 1311 1617 1349 tradit

1280 1385 1371 1411 eum
1389 1373 1594 1411 tortoribus
1609 1393 1618 1403 ·

1280 1435 1549 1485 Quoadusque
1569 1435 1638 1474 red

1278 1498 1386 1536 deret
1404 1498 1540 1536 uniuer

1280 1598 1364 1624 sum
1385 1585 1558 1624 debitum
1572 1606 1581 1616 ·

1278 1647 1307 1670 ³⁵
1321 1647 1383 1686 Sic
1403 1654 1441 1686 et
1459 1654 1568 1698 pater
1587 1659 1697 1686 meus

1278 1710 1453 1749 caelestis
1472 1709 1583 1749 faciet

1278 1773 1390 1811 uobis
1403 1794 1412 1802 ·
1444 1772 1476 1811 si
1495 1785 1576 1811 non
1595 1784 1637 1811 re

1278 1835 1453 1874 miseritis
1475 1835 1583 1873 homi

1276 1898 1390 1937 nibus
1436 1897 1623 1947 unusquis

1277 1972 1354 2011 que
1374 1961 1422 1999 de
1443 1960 1622 1999 cordibus

1277 2023 1414 2062 uestris
1430 2044 1439 2054 ·
1457 2044 1466 2054 ·
1485 2044 1493 2053 ·
1511 2043 1520 2054 ·
1536 2039 1589 2057 ω

1243 2083 1263 2105 *
1277 2089 1342 2124 19.
1371 2084 1384 2106 ²
1396 2085 1447 2124 Et
1466 2085 1612 2123 factum
1631 2090 1689 2123 est
1705 2094 1714 2104 ·

1242 2149 1262 2172 *
1275 2160 1366 2186 cum
1385 2158 1594 2187 consumas

1243 2208 1262 2230 *
1276 2217 1334 2248 set
1351 2210 1410 2248 ihs
1429 2221 1557 2248 sermo

1243 2271 1262 2294 *
1276 2285 1347 2312 nes
1367 2273 1462 2311 istos
1476 2293 1484 2303 ·
1514 2278 1621 2311 trans

1243 2334 1359 2374 *tulit
1378 2348 1419 2374 se
1439 2336 1479 2374 in
1498 2335 1612 2385 galile

1243 2397 1262 2420 *
1276 2410 1342 2437 am
1358 2419 1366 2429 ·
1396 2404 1435 2436 et
1451 2397 1559 2436 uenit
1577 2397 1617 2435 in

1277 2461 1375 2499 fines
1394 2461 1531 2499 iudeae
1549 2465 1651 2499 trans

1276 2523 1525 2562 iordannem·

1277 2583 1293 2606 ²
1303 2592 1341 2624 et
1360 2591 1490 2624 secute
1509 2591 1598 2624 sunt
1611 2591 1695 2623 eu-

1277 2649 1409 2688 turbae
1428 2647 1572 2686 multae
1585 2668 1594 2678 ·

1278 2717 1316 2749 et
1336 2710 1482 2749 curauit
1500 2722 1568 2749 eos
1587 2709 1661 2747 ibi·

1276 2772 1290 2794 ³
1302 2772 1354 2811 Et
1371 2778 1616 2812 accesserunt
1630 2771 1681 2811 ad

1642 2845 1692 2873 eu

2197 210 2252 257 25

1786 311 1954 352 Farisaei
1973 319 2146 354 taemtan

1783 380 1841 413 tes
1861 387 1951 413 eum
1970 383 2007 414 et
2027 377 2139 416 dicen

1784 442 1841 475 tes
1861 437 1919 475 ei·
1950 438 1990 476 Si
2008 439 2097 478 licet

1784 498 1931 538 homini
1951 501 2098 541 dimitte

1782 574 1823 599 re
1842 574 2005 601 uxorem
2025 576 2135 603 suam
2148 585 2157 596 ·

1782 636 2027 675 quacumque
2046 639 2094 664 ex

1783 698 1899 725 causa
1915 708 1924 717 ·
1967 688 1982 709 ⁴
1994 688 2046 727 At
2064 689 2126 728 ille

1781 750 2021 800 respondens
2040 751 2092 790 ait

1781 812 1836 851 eis
1851 832 1860 841 ·
1889 824 1969 851 non
1987 813 2128 863 legistis
2142 833 2151 844 ·

1781 874 1870 924 quia
1890 875 1955 926 qui
1973 875 2062 914 fecit
2081 877 2131 914 ab
2153 877 2165 914 i

1782 937 1875 976 nitio
1922 938 2138 977 masculum

1780 1006 1818 1038 et
1833 999 2017 1038 feminam
2035 1000 2125 1039 fecit

1781 1074 1849 1100 eos
1873 1062 1936 1100 ⁵et
1955 1062 2074 1101 dixit·
2103 1070 2196 1114 prop

1781 1131 1838 1163 ter
1857 1124 1932 1163 hoc
1953 1125 2115 1164 dimittet

1780 1186 1900 1225 homo
1918 1194 2066 1237 patrem
2089 1194 2127 1226 et

1782 1255 1945 1288 matrem
1961 1269 1970 1278 ·
2001 1255 2038 1287 et
2057 1249 2108 1288 ad

1780 1311 1959 1361 iungetur
1976 1312 2086 1351 uxori

1782 1385 1876 1412 suae
1889 1394 1898 1404 ·
1928 1380 1966 1412 et
1985 1380 2097 1412 erunt
2116 1373 2192 1413 due

1780 1436 1821 1473 in
1841 1448 1957 1474 carne
1976 1448 2054 1474 una
2068 1457 2076 1467 ·
2120 1437 2134 1458 ⁶
2147 1437 2207 1476 Ita

1780 1510 1854 1548 que
1873 1498 1950 1537 iam
1968 1510 2049 1537 non
2068 1505 2157 1537 sunt

1780 1584 1858 1624 duo
1878 1585 1946 1623 sed
1969 1597 2058 1624 caro
2077 1597 2155 1624 una
2170 1605 2180 1616 -

1781 1647 1902 1694 Quod
1920 1660 2014 1697 ergo
2034 1648 2079 1686 ds
2099 1660 2177 1686 con

1779 1709 1901 1748 iunxit
1916 1710 2036 1749 homo
2056 1723 2137 1749 non

1780 1778 1953 1822 separet·
1983 1771 2155 1810 ⁷Dicunt

1779 1834 1832 1872 illi
1851 1834 1943 1884 quid
1962 1847 2056 1884 ergo
2076 1846 2169 1884 moy

1780 1909 1842 1935 ses
1861 1896 2062 1935 mandauit

1779 1959 1869 1997 dare
1884 1959 2023 1997 librum
2041 1971 2082 1997 re

1776 2022 1883 2072 pudii
1902 2027 1940 2059 et
1958 2021 2104 2060 dimitte

1777 2096 1819 2122 re
1838 2096 1927 2122 eam
1940 2104 1949 2113 ·
1989 2083 2002 2104 ⁸
2015 2084 2067 2121 ait
2085 2082 2156 2121 illis

1777 2150 1873 2196 qum
1892 2158 2047 2196 moyses
2065 2152 2158 2196 prop

1778 2215 1835 2247 ter
1855 2209 2031 2247 duritiam
2051 2220 2118 2247 cor

1779 2271 1839 2310 dis
1857 2271 1995 2309 uestri·
2025 2283 2094 2321 per

1778 2334 1881 2373 misit
1898 2335 2011 2372 uobis
2031 2333 2140 2372 dimit

1778 2403 1856 2436 tere
1874 2409 2014 2435 uxores
2032 2408 2100 2434 ues

1778 2466 1855 2498 tras
1869 2481 1877 2489 -
1907 2460 1971 2497 Ab
1989 2459 2097 2498 initio

1778 2529 1907 2561 autem
1927 2534 2008 2560 non
2026 2521 2094 2559 fuit
2113 2521 2165 2559 sic
2178 2540 2207 2550 -

1779 2586 1793 2607 ⁹
1805 2586 1906 2624 Dico
1925 2591 2052 2623 autem
2071 2585 2182 2623 uobis

1778 2652 1873 2699 qfim
1891 2647 2048 2697 quicum
2062 2659 2166 2686 suffl-

1779 2723 1854 2762 que
1874 2710 2056 2748 dimiserit
2074 2722 2127 2748 ux

1779 2785 1887 2813 orem
1906 2785 2016 2812 suam
2032 2792 2041 2802 ·
2071 2771 2143 2811 nisi

2004 2872 2028 2898 E

2265 327 2347 360 Pol.
2358 327 2421 360 49.
