2872 3268
350 322 432 355 1⁸01.
450 322 513 356 66.

537 216 595 259 34

540 320 655 361 uobis
668 341 677 351 ·
720 324 816 372 qfim
834 332 950 371 super

538 384 672 424 omnia
690 384 797 422 bona
815 395 885 422 sua

536 447 742 486 constituet
761 458 851 484 eum
869 467 877 476 ·

536 510 567 532 ⁴⁹
581 508 620 547 Si
640 515 770 547 autern
790 507 925 546 dixerit

537 571 661 611 malus
681 583 811 610 seruus
831 570 857 608 il

537 634 574 673 le
593 635 632 672 in
651 633 768 672 corde
787 645 858 672 suo
873 653 882 662 ·

537 696 694 735 Moram
714 696 803 734 facit
823 695 896 733 dfis

537 771 647 797 meus
665 758 797 796 uenire

537 820 567 842 ⁶⁰
578 820 629 858 Et
647 819 802 869 incipiet
820 831 941 869 percu

537 888 617 922 tere
636 893 849 921 conseruos

537 956 628 983 suos
641 965 650 974 ·
690 943 901 982 manducet

534 1013 665 1049 autem
684 1013 721 1045 et
739 1007 848 1045 bibat

534 1081 624 1108 cum
643 1069 778 1108 ebriis·
815 1068 905 1108 ⁶¹ue

535 1131 615 1170 niet
635 1138 765 1170 autem
784 1131 858 1171 diis

537 1194 639 1232 serui
658 1194 756 1233 illius
805 1195 845 1232 in

537 1256 599 1295 die
619 1269 697 1307 qua
715 1269 797 1295 non
817 1268 887 1307 spe

536 1325 595 1357 rat
647 1326 685 1358 et
704 1319 801 1358 hora
820 1331 897 1369 qua

535 1382 688 1432 ignorat
704 1403 714 1413 ·
743 1381 773 1403 ⁵²
785 1389 823 1421 et
842 1381 922 1420 diui

536 1444 602 1484 det
621 1457 712 1484 eum
730 1451 768 1484 et
786 1456 856 1495 par

534 1514 616 1547 tem
636 1508 718 1547 eius
736 1519 827 1546 cum
846 1506 898 1558 hy

534 1595 692 1647 pocritis
711 1595 822 1646 ponit
843 1616 852 1626 ·
882 1595 958 1634 illic

534 1658 605 1697 erit
623 1658 735 1697 fletus
755 1665 793 1698 et
812 1658 879 1697 stri

535 1722 608 1761 dor
627 1721 802 1759 dentium
817 1742 827 1751 ·
841 1742 897 1748 —

1385 201 1499 243 SEC
1506 202 1632 242 UND
1639 194 1676 241 ῧ
1684 223 1692 232 ·

1041 318 1055 340 ⁶
1072 317 1187 356 Mora
1206 323 1336 355 autem
1356 327 1456 367 spon

1042 393 1086 420 so
1106 380 1268 419 faciente
1315 379 1387 418 dor

1040 443 1271 481 mitauerunt
1290 453 1358 480 om

1040 517 1111 543 nes
1130 505 1301 554 uirgines
1347 510 1387 543 et

996 566 998 569 ’
1040 566 1281 606 dormiebant
1295 587 1304 596 ·
1338 566 1428 605 ⁶me

1041 628 1104 667 dia
1124 635 1252 667 autem
1271 634 1389 667 nocte

1041 691 1189 731 clamor
1207 690 1309 730 fatus
1328 697 1407 731 est·

1038 766 1132 793 ecce
1152 765 1319 804 sponsus
1337 753 1443 792 uenit

1039 817 1139 855 exite
1159 817 1198 854 in
1213 816 1372 855 obuiam
1392 816 1427 855 ei
1441 836 1450 846 ·

1038 879 1053 900 ⁷
1067 878 1182 918 Tunc
1202 885 1446 918 surrexerunt

1039 953 1178 980 omnes
1197 941 1366 992 uirgines
1385 941 1412 979 il

1039 1003 1075 1042 le
1092 1024 1101 1034 ·
1141 1010 1180 1042 et
1199 1009 1465 1054 conposurunt

1040 1066 1243 1117 lampadas
1263 1079 1352 1105 suas
1368 1087 1377 1097 ·

1041 1129 1056 1151 ⁸
1069 1129 1190 1168 Fatue
1209 1135 1338 1168 autem
1359 1129 1494 1181 sapien

1041 1193 1144 1231 tibus
1163 1192 1342 1230 dixerunt
1359 1212 1368 1222 ·

1042 1254 1130 1293 date
1150 1254 1264 1293 nobis
1285 1254 1333 1292 de
1353 1253 1443 1293 oleo

1040 1323 1170 1356 uestro
1214 1317 1305 1367 quia
1322 1316 1401 1355 lam

1040 1379 1162 1431 pades
1180 1385 1311 1418 nostre
1330 1391 1379 1418 ex

1040 1443 1240 1492 tinguntur
1255 1459 1264 1468 ·
1293 1442 1307 1463 ⁹
1320 1441 1401 1481 Res

1040 1505 1260 1556 ponderunt
1278 1511 1410 1544 autem

1041 1594 1251 1645 prudentes
1272 1595 1386 1634 dicen

1041 1665 1099 1697 tes
1116 1679 1125 1688 ·
1166 1670 1216 1697 ne
1236 1658 1334 1697 forte
1354 1670 1436 1697 non

1041 1721 1220 1760 suffuciat
1238 1721 1352 1760 nobis

492 1780 494 1783 ’
535 1782 1029 1833 125.¹Tuncsimileestreg
1041 1790 1078 1822 et
1097 1784 1234 1822 uobis·
1278 1784 1337 1822 Ite
1358 1783 1441 1834 poti

534 1859 630 1886 num
650 1846 847 1886 caelorum
861 1867 871 1878 ·
913 1846 963 1885 de

534 1922 622 1949 cem
641 1910 853 1960 uirginibus
870 1929 879 1940 r

494 2018 497 2020 ,
534 1973 602 2024 qui
620 1973 841 2023 acciperunt
860 1971 939 2011 lam

534 2034 658 2086 padas
677 2046 766 2073 suas
779 2055 788 2065 ·
829 2040 867 2073 et
885 2046 986 2073 uene

534 2103 624 2136 runt
642 2097 801 2135 obuiam
821 2109 922 2148 spon

535 2172 582 2199 so
601 2166 640 2198 et
659 2171 828 2210 sponsae
841 2180 850 2189 ·
880 2157 894 2179 ²
909 2159 1003 2209 quin

535 2234 612 2273 que
632 2229 760 2261 autem
780 2228 889 2261 erant
908 2234 958 2260 ex

535 2285 630 2336 ipsis
649 2284 774 2323 fatuae
788 2305 797 2315 ·
837 2291 875 2324 et
894 2285 987 2335 quin

536 2360 614 2398 que
632 2347 840 2398 prudentes
854 2367 862 2377 ·

537 2410 550 2430 ³
563 2410 683 2449 Fatue
703 2416 832 2448 autem
851 2409 976 2460 accipi

535 2480 645 2511 entes
663 2473 865 2523 lampadas
885 2484 974 2511 suas
995 2494 1004 2503 ·

537 2548 618 2574 non
637 2541 859 2574 sumserunt
878 2547 920 2574 se

537 2610 627 2635 cum
647 2598 777 2636 oleum
793 2619 801 2628 ·
832 2598 846 2618 ⁴
861 2598 956 2636 Pru-

538 2659 671 2698 dentes
691 2666 819 2698 autem
840 2673 934 2699 acce

536 2729 673 2771 perunt
692 2722 820 2760 oleum
840 2723 880 2761 in
899 2735 949 2761 ua

537 2783 589 2822 sis
610 2795 699 2822 cum
717 2784 961 2835 lampadibus

880 2859 960 2886 Suls

1039 1858 1085 1884 us
1104 1846 1155 1884 ad
1173 1846 1388 1885 uendentes

1039 1915 1076 1948 et
1096 1910 1210 1948 emite
1228 1910 1340 1948 uobis
1357 1931 1366 1940 ·
1389 1930 1396 1939 ·

1038 1969 1319 2010 ¹0Abeuntibus
1335 1978 1480 2024 aute‘·x

1040 2033 1111 2073 illis
1129 2047 1258 2073 emere
1274 2055 1284 2066 ·
1326 2035 1435 2074 uenit

1039 2108 1209 2148 sponsus
1230 2103 1268 2135 et
1288 2109 1388 2147 quae

1038 2166 1194 2209 paratae
1214 2165 1323 2198 erant
1341 2160 1382 2197 in

1038 2227 1235 2259 trauerunt
1255 2234 1347 2260 cum
1366 2233 1415 2261 eo

1038 2283 1080 2321 in
1098 2284 1252 2334 nuptias
1271 2291 1309 2322 et
1327 2284 1389 2323 clu

1040 2358 1083 2384 sa
1102 2353 1160 2384 est
1179 2346 1294 2384 ianua
1307 2367 1316 2376 ·
1345 2345 1373 2367 11
1388 2345 1453 2386 No

1039 2408 1195 2447 uissime
1215 2409 1375 2447 ueniunt

1038 2471 1183 2521 relique
1201 2471 1371 2521 uirgines
1440 2521 1443 2524 Δ

1040 2534 1211 2573 dicentes
1228 2555 1236 2564 ·
1267 2534 1343 2572 dfie
1364 2534 1441 2572 dfie

1038 2597 1145 2647 aperi
1163 2597 1277 2635 nobis
1293 2617 1301 2627 ·
1331 2595 1360 2616 ¹²
1371 2596 1426 2635 At

1037 2659 1099 2698 ille
1118 2659 1360 2710 respondens

1037 2722 1090 2761 ait
1106 2743 1114 2752 ·
1158 2722 1288 2762 Amen
1307 2722 1397 2762 dico

1036 2785 1149 2825 uobis
1161 2807 1216 2814 —

1577 315 1710 355 nescio
1729 327 1802 354 uos
1818 336 1827 346 ·
1857 314 1885 337 ¹⁸
1898 315 1989 367 Uigi

1577 378 1652 417 late
1671 378 1800 428 itaque
1846 380 1937 430 quia

1578 441 1733 480 nescitis
1752 441 1889 480 horam

1578 503 1685 541 illam
1698 524 1707 534 ·
1748 516 1876 554 neque
1895 503 1958 543 die

1578 564 1607 586 ¹⁴
1621 565 1726 604 Sicut
1744 566 1848 604 enim
1868 566 1989 606 homo

1578 640 1736 679 peregre
1755 628 1901 667 futurus

1578 691 1734 730 uocauit
1753 703 1886 730 seruos

1580 765 1670 792 suos
1690 759 1727 792 et
1746 754 1899 792 tradidit

1578 815 1650 855 illis
1670 816 1775 855 bona
1795 828 1864 855 sua
1877 837 1886 847 ·
1916 815 1945 838 ¹⁵
1955 823 1994 856 et

1579 879 1646 917 uni
1666 878 1769 917 dedit
1788 879 1928 930 quinqs

1579 941 1723 980 talenta
1737 962 1746 972 ·
1786 941 1848 981 alii
1867 946 1955 981 aute

1579 1003 1680 1043 duo·
1711 1004 1774 1043 alii
1792 1016 1887 1043 uero
1905 1017 1930 1043 u

1579 1078 1674 1105 num
1690 1087 1699 1097 ·
1739 1066 1946 1117 unicuique

1579 1128 1795 1168 secundum
1809 1141 1882 1180 pro

1578 1192 1703 1243 priam
1722 1192 1900 1231 uirtutem

1578 1261 1616 1293 et
1635 1254 1830 1305 profectus
1848 1261 1906 1293 est
1922 1275 1931 1285 ·

2140 210 2477 257 [XX1v.48-xxv.
2494 200 2549 251 26.

2084 318 2178 357 mihi
2197 319 2358 360 dedisti·
2399 335 2492 362 ecce

2083 381 2156 421 alia
2176 383 2347 435 quinque
2367 385 2507 425 talenta

2037 445 2320 494 superlucratus
2340 452 2385 486 sil
2399 469 2408 478 ·

2083 505 2110 527 ²¹
2123 507 2174 545 ait
2192 507 2242 546 illi
2261 509 2335 548 dfis
2355 510 2436 549 eius
2452 531 2462 541 ·

2082 567 2195 620 Euge
2215 583 2324 611 serue
2347 573 2475 612 bonae

2082 638 2121 670 et
2140 632 2262 671 fidelis
2275 654 2284 664 ·
2325 635 2416 685 quia

2083 705 2199 744 supra
2217 708 2342 746 pauca
2359 695 2432 737 fuis

2082 756 2110 795 ti
2129 757 2250 796 fidelis
2263 779 2272 789 ·
2314 771 2430 810 supra

2083 819 2203 858 multa
2222 827 2259 859 te
2279 822 2448 860 constitu

2083 893 2170 919 am·
2211 883 2311 922 intra
2329 884 2369 922 in
2387 896 2466 935 gau

2083 943 2191 982 dium
2210 945 2277 984 dni
2296 947 2349 984 tui
2363 968 2372 977 ·

2082 1004 2112 1027 ²2
2122 1006 2328 1047 Accedens
2348 1016 2478 1048 autem

2082 1075 2120 1107 et
2139 1069 2204 1119 qui
2223 1070 2302 1109 duo
2321 1072 2466 1110 talenta

2083 1139 2288 1182 acceperat
2334 1135 2387 1174 ait

2082 1193 2159 1232 dfie
2179 1194 2257 1233 duo
2277 1196 2420 1236 talenta

2080 1255 2174 1294 mihi
2194 1257 2354 1296 dedisti·
2388 1272 2482 1299 ecce

1577 1316 1607 1340 ¹⁶
1619 1317 1755 1356 Statim
1774 1323 1904 1356 autem
1922 1318 2014 1357 abiit
2044 1318 2119 1358 alia
2133 1319 2212 1358 duo
2227 1321 2370 1360 talenta
2388 1322 2495 1362 lucra

1578 1381 1644 1432 qui
1662 1380 1834 1432 quinque
1852 1380 1955 1419 talen

1578 1450 1638 1482 tas
1657 1448 1861 1493 acceperat
1874 1463 1883 1473 ·
1923 1442 1974 1481 Et

1577 1511 1757 1556 operatus
1775 1511 1834 1544 est
1851 1505 1893 1543 in
1911 1505 1967 1544 eis

1578 1600 1617 1633 et
1635 1594 1723 1633 fecit
1743 1594 1816 1632 alia
1836 1593 1979 1645 quinqss

1579 1657 1722 1696 talenta
1736 1677 1745 1687 ·
1774 1655 1804 1678 ¹⁷
1816 1657 1985 1696 similiter

1579 1726 1617 1759 et
1636 1720 1702 1770 qui
1721 1719 1799 1758 duo
1822 1721 1974 1770 accepit

1579 1783 1746 1821 lucratus
1765 1789 1822 1821 est
1841 1782 1881 1820 in
1900 1782 1955 1820 eis

1580 1845 1654 1884 alla
1673 1845 1751 1883 duo
1766 1857 1777 1892 ς
1808 1844 1836 1867 ¹⁸
1849 1845 1915 1895 qui
1934 1849 2020 1885 aute

1579 1921 1702 1947 unum
1722 1908 1873 1958 accepit
1891 1909 1952 1946 abi

1578 1983 1648 2010 ens
1663 1971 1758 2010 fodit
1777 1972 1817 2009 in
1836 1977 1968 2010 terra*
1982 1992 1991 2002 ·

1578 2041 1616 2073 et
1635 2033 1839 2072 abscondit
1857 2046 1959 2084 pecu

1578 2097 1684 2135 niam
1703 2097 1770 2135 dni
1790 2097 1871 2135 sui·

1577 2158 1606 2181 ²⁹
1619 2159 1712 2198 Post
1730 2159 1894 2198 multum
1911 2171 2006 2199 uero

1577 2222 1761 2272 temporis
1779 2222 1884 2260 uenit

1577 2284 1651 2322 dfis
1671 2296 1871 2322 seruorum
1890 2283 1916 2322 il

1576 2347 1702 2386 lorum
1719 2367 1727 2376 ·
1769 2353 1807 2385 et
1825 2347 1953 2396 posuit

1577 2421 1667 2447 cum
1685 2409 1740 2447 eis
1759 2409 1950 2447 rationem
1966 2429 1975 2438 ·

1575 2471 1860 2510 ²⁰Etaccedens
1872 2471 1937 2521 qui
1950 2471 2043 2522 quin

1575 2546 1650 2585 que
1670 2534 1811 2573 talenta
1830 2546 1924 2573 acce

1574 2603 1682 2647 perat
1729 2596 1867 2647 optulit

1575 2659 1648 2698 alia
1666 2659 1836 2709 quinque
1856 2666 1895 2698 ta

1573 2721 1677 2760 lenta
1696 2721 1829 2760 dicens
1841 2742 1850 2752 ·

1574 2784 1663 2824 Dfie
1683 2785 1853 2836 quinque
1872 2783 1976 2823 talen

1899 2852 1938 2886 ta

2082 1389 2144 1421 tus
2165 1394 2252 1422 sum
2267 1405 2276 1414 ·
2305 1382 2334 1405 ²⁸
2346 1385 2398 1423 ait
2415 1385 2468 1423 illi

2082 1446 2156 1485 dfis
2176 1447 2256 1484 eius
2273 1467 2282 1477 ·
2323 1459 2423 1497 euge
2443 1459 2504 1486 ser

2082 1521 2131 1548 ue
2150 1510 2254 1548 bone
2273 1515 2311 1548 et
2330 1509 2452 1549 fidelis

2083 1597 2172 1648 quia
2192 1610 2305 1648 super
2324 1610 2452 1648 pauca

2083 1659 2184 1698 fuisti
2203 1660 2324 1699 fidelis
2341 1681 2350 1690 ·
2379 1673 2425 1699 su

2083 1735 2153 1773 pra
2172 1723 2292 1761 multa
2311 1729 2349 1762 te
2369 1735 2447 1762 con

2084 1785 2237 1823 stituam
2253 1806 2262 1815 -
2305 1785 2404 1824 intra

2082 1848 2123 1885 in
2141 1848 2326 1898 gaudium
2345 1848 2412 1887 dni
2431 1849 2486 1887 tui
2501 1869 2513 1881 ·

2082 1910 2112 1932 ²⁴
2123 1910 2328 1950 Accedens
2347 1917 2479 1951 autem

2083 1979 2120 2011 et
2139 1973 2204 2023 qui
2221 1985 2343 2012 unum
2363 1973 2466 2013 talen

2081 2043 2163 2075 tum
2182 2043 2385 2088 acceperat
2403 2058 2413 2068 ·

2083 2099 2134 2137 ait
2153 2099 2228 2137 dne
2245 2120 2254 2130 ·
2298 2099 2380 2139 scio
2400 2100 2493 2151 quia

2081 2161 2204 2200 homo
2223 2161 2341 2200 durus
2361 2174 2403 2201 es
2416 2184 2445 2192 -

2082 2230 2120 2262 et
2134 2230 2255 2262 metes
2273 2224 2339 2263 ubi
2358 2237 2440 2263 non

2082 2286 2302 2324 seminasti·
2331 2292 2370 2324 et
2392 2298 2471 2326 con

2080 2360 2218 2398 gregas
2236 2348 2302 2386 ubi
2321 2360 2402 2387 non

2080 2410 2250 2460 sparsisti
2264 2431 2272 2440 -
2301 2408 2331 2431 ²⁵
2342 2417 2379 2449 et
2398 2411 2426 2448 ti

2079 2484 2192 2518 mens
2211 2472 2286 2510 abii
2304 2479 2342 2511 et
2361 2473 2510 2512 abscon

2077 2534 2117 2572 di
2136 2532 2322 2573 talentum
2340 2541 2441 2573 tuu-

2077 2596 2117 2634 in
2140 2603 2239 2635 terra
2260 2617 2268 2626 ·
2313 2609 2406 2635 ecce
2426 2597 2519 2636 abes

2075 2664 2186 2697 tuum
2200 2680 2208 2689 ·
2238 2657 2442 2709 2⁶Resp0n

2076 2721 2173 2760 dens
2193 2727 2322 2760 autem
2343 2722 2415 2760 dfis
2435 2722 2516 2760 eius

2071 2783 2170 2823 ¹dixit
2183 2805 2191 2815 ·
2234 2783 2338 2823 Male
2358 2795 2468 2823 serue

2569 332 2652 364 1⁸01..
2670 332 2728 366 07.
