2872 3268
1008 254 1311 294 EDITORIS
1338 255 1648 295 NOTULAE.
2151 264 2231 310 153

430 369 460 403 F
463 369 509 403 ol.
529 368 596 404 126
607 369 643 404 b.
684 377 699 404 1
709 378 738 405 1.
764 369 989 406 infirmitatis
1002 369 1245 406 exinfirmitis
1258 371 1423 406 correxit
1431 381 1480 405 m.
1483 373 1527 416 p.
1573 380 1625 415 14.
1644 370 1844 416 indignans
1854 381 1903 405 ex
1913 370 2061 416 indigns
2072 372 2237 407 correxit

523 434 572 458 m.
610 449 618 459 .

431 487 461 521 F
464 487 510 522 ol.
531 426 645 522 12510.
671 496 728 532 23.
753 494 790 523 et
806 498 956 522 erasum
973 491 1037 523 est.

431 550 510 585 Fol.
531 549 608 585 128.
645 560 701 595 30.
727 550 920 586 nouissimi
938 551 1096 586 secundo
1121 551 1209 595 loco,
1235 552 1278 586 in
1302 562 1443 587 rasura
1469 552 1530 598 qui
1556 563 1647 588 erun
1673 553 1776 598 quod
1797 553 1950 600 incuria
1974 552 2239 599 duplicauerat

524 607 633 651 ηιμ,
651 606 697 640 ab
712 606 838 641 eadem
864 617 982 641 manu
1006 607 1189 652 scriptum
1214 611 1278 641 est.
1328 616 1385 651 34.
1413 606 1627 643 Hirusalem
1653 619 1701 643 m.
1707 610 1762 654 p.‚
1780 619 1801 643 e
1825 610 2007 654 superscr.
2024 619 2120 644 corr.
2138 620 2186 644 m.
2191 611 2236 655 p.

524 671 748 707 congregare
763 672 812 696 ex
826 673 1051 707 congragare
1067 662 1232 697 correxit
1246 673 1294 696 m.
1298 663 1342 707 p.

431 732 510 767 Fol.
529 731 597 767 128
606 733 642 768 b.
678 733 733 768 14.
758 743 791 778 3.
818 734 947 769 sabato
965 735 1071 780 ηιμ,
1082 734 1107 769 b
1119 735 1302 780 superscr.
1313 745 1408 770 corr.
1422 746 1471 771 m.
1476 737 1519 781 p.
1569 743 1602 779 7.
1627 736 1814 781 elegerunt
1826 747 1875 771 ex
1884 736 2062 782 eligerunt
2075 738 2241 773 correxit

525 799 574 822 m.
612 814 620 823 .

432 851 462 886 F
465 852 510 886 ol.
530 790 610 886 1255.
648 861 702 888 12.
726 851 795 888 fcis
812 854 919 898 ηιμ,
936 864 959 887 a
975 854 1156 898 superscr.
1175 863 1269 888 corr.
1288 865 1336 889 m.
1342 857 1384 900 p.

432 914 510 950 Fol.
531 914 610 950 130.
645 925 702 951 22.
728 927 746 951 s
763 922 820 951 est
835 917 878 951 in
894 916 997 953 locus
1014 921 1083 962 est,
1101 917 1143 952 in
1159 928 1299 952 rasura
1315 918 1499 964 scriptum
1516 922 1572 954 est
1586 930 1610 954 a
1627 930 1675 954 m.
1681 922 1724 965 p.

526 979 546 1005 2
552 978 583 1016 5.
611 971 721 1007 Ibant
739 972 829 1007 bant
845 983 893 1007 m.
899 974 953 1018 μ,
970 973 1172 1008 secundum
1188 973 1280 1008 bant
1287 974 1526 1019 perlineauit
1540 978 1577 1009 et
1591 973 1780 1020 expunxit
1794 986 1889 1010 corr.
1907 987 1955 1010 m.
1960 978 2002 1021 p.

433 1034 512 1069 Fol.
532 1034 600 1070 130
612 1035 648 1071 b.
684 1044 740 1080 27.
766 1047 817 1071 nn
835 1038 943 1082 ηιμ,
961 1048 983 1072 o
1000 1039 1182 1082 superscr.
1199 1048 1294 1073 corr.
1313 1048 1361 1072 m.
1367 1040 1410 1084 p.

433 1098 512 1133 Fol.
532 1098 610 1134 131.
649 1099 704 1135 15.
734 1109 764 1136 1.
791 1101 883 1136 Erat
900 1112 948 1136 m.
955 1103 1011 1146 p.‚
1028 1112 1053 1136 n
1070 1103 1253 1147 superscr.
1271 1112 1366 1137 corr.
1384 1113 1432 1136 m.
1439 1104 1481 1147 p.
1499 1102 1618 1137 minio
1636 1113 1739 1138 usus.

432 1162 511 1198 Fol.
532 1162 596 1198 131
612 1163 648 1199 b.
686 1165 720 1200 6.
756 1175 777 1200 e
802 1164 845 1199 in
869 1175 1015 1200 mecum
1040 1175 1090 1201 ex
1110 1164 1121 1199 i
1146 1166 1312 1200 correxit
1334 1176 1383 1200 m.
1391 1167 1433 1211 p.
1499 1174 1532 1211 9.
1568 1173 1724 1203 couocat
1748 1169 1858 1212 ηιμ,
1884 1179 1908 1202 n
1933 1169 2115 1213 superscr.
2140 1178 2236 1203 corr.

527 1229 576 1253 m.
595 1228 628 1263 3.

434 1283 513 1317 Fol.
533 1282 611 1318 132.
636 1284 686 1318 In
709 1284 830 1329 capite
848 1285 1017 1330 paginae
1040 1284 1194 1330 scripsit
1216 1295 1264 1319 ηι
1285 1294 1316 1319 2.
1335 1285 1497 1320 seconda
1524 1285 1729 1321 domeneca
1757 1293 1842 1332 post
1866 1294 1921 1321 XL
1946 1290 1991 1322 ut
2012 1286 2130 1322 credo.
2182 1296 2237 1321 12.

529 1338 681 1384 contigit
706 1350 755 1374 m.
766 1341 821 1384 μ,
838 1350 863 1374 n
880 1342 995 1385 super
1008 1351 1033 1385 g
1048 1340 1202 1385 scripsit
1216 1351 1310 1375 corr.
1324 1351 1372 1375 m.
1386 1350 1418 1385 3.
1496 1349 1548 1385 13.
1564 1350 1618 1385 14.
1652 1341 1811 1377 -oriosae
1833 1340 1838 1387 Ι
1861 1343 1911 1377 Et
1934 1349 2132 1388 postquam
2158 1353 2235 1377 om-

528 1394 570 1429 in
587 1405 726 1429 rasura
742 1395 923 1441 scriptum
941 1399 996 1430 est
1011 1407 1035 1430 a
1052 1406 1101 1430 m.
1108 1397 1152 1440 p.

435 1458 465 1492 F
469 1458 514 1492 ol.
535 1457 602 1492 132
613 1457 650 1493 b.
679 1467 733 1503 19.
757 1464 907 1494 tuorum
923 1458 1138 1504 duplicauit
1156 1459 1308 1494 incuria
1333 1470 1382 1494 m.
1388 1461 1433 1505 p.
1440 1471 1462 1502 ;
1486 1460 1688 1495 secundum
1713 1467 1859 1496 tuorum
1876 1460 2114 1507 perlineauit
2126 1464 2163 1496 et
2177 1472 2235 1496 ex-

521 1514 672 1558 punxit
693 1525 789 1549 corr.
807 1516 903 1559 ηιμ
954 1524 1009 1549 20.
1035 1520 1113 1550 eset
1139 1516 1249 1560 m.p.‚
1273 1526 1291 1550 s
1315 1516 1499 1560 superscr.
1516 1526 1612 1551 corr.
1630 1518 1726 1562 ηιμ
1778 1517 1828 1552 Et
1852 1520 1939 1551 ante
1961 1518 2170 1552 Accurrens
2195 1517 2238 1551 in

530 1569 703 1615 margine
718 1569 891 1605 additum
908 1573 963 1605 est
978 1581 1002 1604 a
1021 1572 1116 1615 ηιμ
1164 1569 1289 1605 cicidit
1305 1571 1458 1616 scripsit
1465 1572 1596 1616 primo
1609 1574 1704 1618 ηιμ
1710 1584 1733 1615 ,·
1749 1571 1890 1616 deinde,
1900 1584 2009 1607 erasa
2022 1572 2045 1616 i,
2057 1574 2239 1618 superscr.

529 1635 550 1659 e
567 1635 660 1659 corr.
680 1627 773 1670 ηιμ

436 1688 516 1723 Fol.
536 1687 614 1723 133.
649 1698 706 1732 24.
731 1695 906 1735 coperunt
923 1700 969 1723 m.
977 1691 1033 1734 μ,
1049 1700 1070 1724 e
1087 1691 1268 1734 superscr.
1287 1700 1382 1725 corr.
1401 1693 1497 1736 ηιμ

436 1752 515 1787 Fol.
535 1751 602 1786 133
612 1752 648 1787 b.
684 1762 740 1797 29.
765 1763 786 1788 c
807 1753 850 1787 in
874 1751 1005 1788 amicis
1029 1753 1072 1787 in
1097 1764 1173 1787 ras.
1193 1764 1210 1788 s
1235 1754 1375 1798 scripta
1396 1756 1451 1788 est
1474 1765 1498 1788 a
1524 1756 1618 1800 ηιμ
1669 1763 1725 1798 30.
1752 1754 1852 1790 illum
1877 1754 2091 1801 duplicauit
2117 1765 2164 1788 m.
2169 1755 2238 1799 p.‚·

521 1807 692 1853 priorem
710 1807 810 1843 illum
820 1807 1057 1854 perlineauit
1070 1812 1107 1843 et
1120 1809 1308 1855 expunxit
1321 1819 1416 1844 corr.
1434 1811 1529 1855 ηιμ
1589 1809 1645 1845 16.
1673 1819 1701 1845 1.
1728 1817 1765 1846 et
1774 1811 1906 1856 primo
1923 1810 2011 1853 loco,
2028 1810 2070 1844 in
2087 1820 2163 1845 ras.
2180 1808 2239 1845 ihs

530 1863 712 1909 scriptum
728 1867 784 1898 est
798 1875 822 1898 a
840 1874 890 1898 m.
893 1865 938 1909 p.

438 1927 515 1962 Fol.
536 1926 615 1961 134.
651 1936 685 1971 4.
711 1938 755 1963 ca
767 1928 810 1962 in
826 1927 1034 1963 uilicatione
1047 1928 1089 1962 in
1105 1938 1244 1962 rasura
1259 1928 1446 1973 scriptum
1462 1932 1552 1963 esta
1565 1940 1613 1964 m.
1617 1930 1659 1974 p.
1688 1929 1891 1965 domosuas
1904 1940 1953 1964 m.
1959 1931 2012 1975 p.‚
2025 1940 2043 1964 s
2056 1929 2237 1974 superscr.

530 1992 626 2019 corr.
652 1984 749 2028 ηιμ
797 1982 831 2018 6.
858 1982 1096 2029 cinquaginta
1122 1994 1168 2018 m.
1174 1985 1229 2029 p.‚
1248 1987 1293 2018 ut
1315 1984 1446 2026 credo;
1479 1983 1722 2030 qinquaginta
1745 1995 1841 2020 corr.
1867 1995 1915 2020 m.
1934 1994 1966 2028 3.
2017 1991 2049 2027 7.
2076 1982 2240 2018 uetuinta

531 2040 641 2083 ηιμ,
658 2038 763 2084 quod
777 2050 872 2074 corr.
891 2050 939 2073 m.
959 2048 980 2084 3
996 2039 1039 2074 in
1062 2038 1276 2084 octuaginta
1299 2039 1469 2074 mutauit
1492 2039 1674 2075 mutando
1692 2051 1715 2075 u
1736 2040 1777 2074 in
1799 2051 1822 2075 o
1843 2043 1954 2085 atque
1969 2051 1992 2074 a
2014 2043 2051 2074 et
2065 2050 2090 2084 g
2111 2041 2238 2084 super-

531 2094 731 2129 scribendo.
754 2092 763 2099 '

438 2158 468 2193 F
471 2157 517 2193 ol.
537 2157 605 2192 134
617 2157 653 2193 b.
687 2166 719 2202 9.
747 2158 828 2193 cula
838 2158 881 2192 in
894 2158 1131 2193 tabernacula
1148 2158 1361 2203 duplicauit
1377 2170 1425 2194 m.
1432 2161 1487 2204 p.‚
1501 2159 1678 2199 incuria:
1694 2158 1813 2193 erasit
1826 2158 2028 2194 secundum
2046 2158 2128 2193 cula
2143 2168 2237 2193 corr.

533 2224 580 2248 m.
587 2214 642 2258 μ,
660 2216 771 2258 atque
794 2213 837 2247 in
853 2224 993 2248 rasura
1009 2215 1197 2259 punctum
1214 2215 1460 2259 primamque
1483 2214 1668 2259 sequentis
1684 2213 1791 2248 uerbi
1805 2214 1972 2249 litteram
1989 2214 2132 2259 posuit.
2187 2222 2239 2247 10.

533 2267 652 2304 inicus
669 2270 776 2314 ηιμ,
795 2279 818 2303 ιι
838 2271 1020 2314 superscr.
1039 2280 1134 2304 corr.
1152 2280 1200 2304 m.
1204 2271 1246 2314 p.
1312 2278 1365 2313 13.
1391 2276 1534 2305 aterum
1557 2281 1607 2305 ηι
1615 2271 1669 2316 p.‚
1687 2270 1699 2304 1
1714 2271 1897 2315 superscr.
1914 2279 2009 2305 corr.
2027 2270 2120 2314 ηιμ
2185 2277 2237 2311 14.

533 2324 652 2359 Prior
667 2323 692 2358 d
708 2324 750 2359 in
767 2323 984 2360 deridebant
1001 2325 1044 2359 in
1061 2335 1202 2359 rasura
1217 2325 1358 2370 scripta
1374 2329 1438 2360 est.

440 2388 518 2424 Fol.
539 2387 616 2422 135.
655 2396 712 2422 21.
737 2385 850 2424 diutis
868 2399 917 2423 m.
923 2390 978 2434 p.‚
997 2387 1007 2423 i
1026 2390 1210 2434 superscr.
1227 2399 1323 2424 corr.
1341 2391 1438 2435 ηιμ

443 2455 470 2490 F
473 2454 519 2490 ol.
539 2453 607 2489 135
616 2454 653 2489 b.
691 2463 748 2497 24.
773 2454 830 2500 ips
854 2466 902 2490 m.
908 2457 963 2501 μ,
979 2457 1199 2501 e·superscr.
1217 2466 1311 2490 corr.
1330 2458 1424 2501 ηιμ
1475 2463 1531 2501 25.
1557 2467 1580 2490 u
1603 2455 1645 2490 in
1667 2467 1755 2491 uero
1780 2456 1822 2489 in
1848 2465 1986 2490 rasura
2011 2454 2152 2499 scripta
2175 2456 2240 2488 est.

535 2508 591 2544 26.
617 2508 788 2545 stablitus
805 2512 913 2556 m.p.‚
932 2510 942 2545 i
959 2513 1139 2556 superscr.
1157 2521 1252 2546 corr.
1270 2521 1319 2546 m.
1331 2513 1370 2555 μ

442 2576 471 2611 F
475 2575 522 2611 ol.
542 2574 621 2610 136.
658 2584 714 2619 30.
739 2575 801 2621 qui
818 2587 863 2611 ex
879 2578 987 2622 ηιμ,
1005 2588 1023 2612 s
1039 2578 1220 2622 superscr.
1238 2588 1332 2612 corr.
1351 2588 1397 2612 m.
1402 2579 1445 2622 p.

442 2642 521 2677 Fol.
541 2639 608 2676 136
617 2641 654 2676 b.
694 2640 747 2676 17.
767 2641 799 2676 8.
825 2642 976 2678 minista
992 2644 1101 2688 ηιμ,
1118 2655 1137 2677 r
1153 2645 1335 2688 superscr.
1352 2654 1447 2679 corr.
1467 2654 1515 2678 m.
1521 2645 1578 2689 μ,
1596 2646 1641 2678 ut
1655 2643 1772 2678 credo.

443 2708 523 2744 Fol.
543 2706 610 2742 137
620 2707 656 2742 b.
697 2716 750 2752 19.
775 2708 869 2742 Post
885 2709 1027 2744 saluum
1044 2708 1194 2743 addidit
1208 2709 1230 2745 ἢ·
1247 2720 1296 2744 m.
1315 2719 1346 2744 2.
1397 2717 1453 2754 25.
1477 2709 1644 2755 reprbari
1666 2711 1774 2754 ηιμ,
1792 2720 1814 2744 o
1830 2710 2011 2754 superscr.
2029 2718 2123 2744 corr.
2142 2719 2189 2743 m.
2196 2709 2239 2754 p.

444 2774 524 2810 Fol.
543 2772 621 2808 138.
655 2768 714 2808 26.
730 2773 787 2809 28.
811 2773 836 2808 li
853 2774 896 2809 in
913 2774 963 2809 fili
980 2778 1092 2820 atque
1106 2775 1149 2809 in
1166 2774 1334 2810 similiter
1348 2777 1529 2820 superscr.
1546 2786 1641 2810 corr.
1659 2777 1756 2820 m.p.

1890 2847 1913 2872 x
