2872 3268
91 301 179 335 1¹01.
191 303 255 336 08.

286 186 390 218 xxv.
409 185 604 219 26-xxvr.
620 183 670 225 6.]
687 168 691 171 ’

286 294 326 327 et
344 289 474 339 piger·
506 289 593 328 Scie

285 351 356 390 bas
376 351 482 401 quod
501 358 607 390 meto

283 414 350 452 ubi
368 426 449 452 non
469 414 618 453 semino
631 434 640 444 ·

281 482 320 515 et
339 489 536 527 congrego
554 476 620 515 ubi

283 550 364 578 non
384 540 530 589 sparsi·
561 538 688 590 ²⁷op⁰r

282 601 352 639 tuit
371 613 465 651 ergo
484 607 522 639 te
541 613 630 640 com

281 663 431 701 mittere
450 664 591 714 pecuni

280 737 345 764 am
363 737 493 764 meam
513 738 635 765 numu

278 787 380 827 lariis
394 808 405 818 ·
434 795 472 827 et
490 789 581 828 ueni

276 862 347 889 ens
365 863 441 902 ego
459 852 607 902 recepis

278 924 361 951 sem
380 926 511 952 meum
536 927 627 953 cum

277 976 402 1014 usuris
418 997 427 1006 ·
459 975 488 997 ²⁸
504 977 608 1016 Tolli

276 1044 315 1077 te
333 1038 463 1089 itaque
482 1041 533 1078 ab
552 1052 600 1079 eo
618 1046 659 1079 ta

274 1099 425 1140 lentum
438 1122 447 1132 ·
477 1108 514 1141 et
533 1103 621 1142 date

279 1164 315 1203 ei
333 1164 400 1215 qui
419 1165 507 1204 abet
526 1166 655 1205 decim

277 1227 422 1266 talenta
438 1248 447 1258 ·
491 1228 654 1273 ²⁹‚Omni

275 1290 379 1328 enim
399 1290 555 1329 habenti
574 1291 626 1331 da

275 1352 375 1390 bitur
394 1358 432 1390 et
452 1353 609 1392 abunda

276 1415 331 1454 bit
349 1415 384 1453 ei
399 1435 408 1445 ·
438 1416 488 1453 ab
512 1428 560 1455 eo
578 1420 666 1456 aute

275 1478 341 1528 qui
361 1490 441 1517 non
461 1478 578 1518 habet

275 1563 327 1602 Et
345 1565 452 1615 quod
472 1565 588 1605 habet
606 1579 656 1605 au

274 1626 415 1666 feretur
433 1629 483 1666 ab
502 1641 549 1668 eo
563 1650 572 1659 ·
611 1630 642 1651 ³⁰
652 1630 704 1670 Et

275 1689 380 1728 hunc
401 1703 571 1741 nequam
591 1704 652 1731 ser

273 1763 369 1790 uum
387 1753 548 1803 proicite
568 1754 608 1794 fo

272 1815 326 1853 ris
343 1815 384 1853 in
404 1817 583 1856 tenebras

272 1878 478 1917 exteriores
496 1879 548 1917 ibi
567 1893 589 1919 e

271 1940 320 1979 rit
338 1940 451 1979 fletus
470 1947 508 1980 et
528 1943 594 1981 stri

270 2003 342 2043 dor
363 2003 535 2043 dentium
551 2026 560 2036 ·
575 2027 631 2035 —-

270 2064 326 2108 †⁸¹
338 2065 441 2105 Cum
460 2074 589 2106 autem
607 2081 707 2108 uene

268 2127 317 2167 rit
335 2128 434 2167 filius
453 2128 621 2169 hominis

271 2191 313 2230 in
332 2192 530 2231 maiestate
550 2205 620 2232 sua
635 2214 644 2225 ·

272 2260 311 2293 et
330 2265 468 2293 omnes
488 2256 617 2306 angeli

273 2329 364 2356 cum
383 2329 454 2356 eo·
483 2323 575 2356 tunc
597 2331 638 2358 se

276 2379 380 2418 debit
400 2391 515 2430 super
534 2382 626 2420 sede

273 2442 481 2481 maiestatis
501 2455 592 2483 suae
608 2465 618 2474 ·

272 2503 302 2526 ⁸²
312 2509 351 2542 et
369 2507 647 2555 congregabun

272 2572 333 2604 tur
353 2572 442 2605 ante
461 2579 552 2606 eum
692 2555 697 2559 ’

274 2640 414 2668 omnes
432 2636 567 2679 gentes
583 2651 591 2661 ·
621 2638 659 2671 et

272 2692 464 2742 separabit
482 2704 550 2731 eos
569 2694 620 2732 ab

271 2754 412 2793 iuicem
428 2774 437 2785 ·
467 2754 564 2794 sicut

1127 178 1216 218 MA
1228 172 1441 220 TTHEU
1451 200 1461 210 ·

788 293 963 338 segregat
983 298 1078 326 oues

786 355 920 399 pastor
938 350 988 388 ab
1008 349 1116 388 hedis
1132 370 1141 380 ·

786 411 815 432 33
826 419 864 450 et
884 418 1022 450 statuet
1041 424 1134 451 oues

786 473 941 524 quidem
961 474 1010 512 ad
1030 474 1165 513 dextra

785 548 917 574 suam·
947 536 1069 575 hedos
1089 549 1138 575 au

784 604 863 637 tem
883 598 932 637 ad
954 599 1159 638 sinistra--

757 688 765 696 .
783 660 812 682 ⁵⁴
825 661 940 700 Tunc
961 661 1053 700 dicit
1072 674 1139 700 rex
1159 661 1219 701 his

782 723 848 773 qui
867 723 917 761 ad
937 723 1079 761 dextris
1099 725 1181 763 eius

782 790 871 823 sunt
884 806 893 815 ·
922 785 1063 824 Uenite

782 847 975 886 benedicti
994 846 1113 898 patris

781 910 859 948 mei
873 931 881 940 -
911 911 1107 961 possidete

780 979 957 1023 paratum
980 975 1093 1013 uobis

779 1048 944 1086 regnum
964 1037 1119 1075 caelorfi
1135 1058 1144 1068 ·

780 1110 804 1137 a
823 1099 1093 1138 constitutione

779 1161 936 1199 mundi·
980 1161 1009 1182 ³⁵
1022 1161 1147 1200 Esurii

777 1223 882 1262 enim
902 1230 940 1262 et
959 1223 1115 1262 dedistis

777 1287 873 1324 mihi
892 1286 1127 1325 manducare

782 1348 890 1387 Sitiui
909 1356 947 1388 et
967 1349 1125 1388 dedistis

777 1411 872 1449 mihi
891 1412 1022 1450 bibere
1038 1432 1047 1441 ·
1063 1433 1119 1441 —-

779 1473 907 1524 Ospes
926 1486 1032 1512 eram
1051 1480 1090 1513 et
1112 1473 1176 1513 col

776 1560 919 1611 legistis
938 1573 1002 1599 me
1017 1581 1026 1591 ·
1071 1561 1099 1582 ³⁶
1114 1560 1180 1600 Nu

777 1623 848 1662 dus
868 1630 906 1662 et
925 1623 1107 1673 operuisti

777 1705 841 1731 me
858 1714 867 1724 ·
898 1693 1079 1732 Infirmus

776 1763 814 1794 et
834 1756 1011 1794 uisitastis
1031 1769 1094 1795 me

777 1818 825 1856 In
844 1830 1041 1857 carcerem
1060 1824 1098 1857 et
1116 1830 1165 1857 ue

776 1881 883 1919 nistis
902 1880 951 1919 ad
970 1892 1032 1919 me
1049 1901 1058 1910 ·

775 1943 804 1965 ³⁷
817 1943 933 1982 Tunc
951 1942 1146 1993 responde

774 2006 872 2045 bunt
891 2006 925 2044 ei
944 2006 1030 2044 iusti
1045 2027 1054 2036 ·
1086 2006 1199 2044 dicen

774 2075 832 2108 tes
847 2090 857 2099 ·
887 2068 962 2107 dfie
982 2068 1140 2118 quando

772 2138 809 2171 te
828 2132 994 2170 uidimus
1013 2131 1113 2170 esuri

774 2201 903 2233 entem
922 2200 960 2232 et
978 2194 1157 2244 pauimus

777 2257 976 2295 Sitientem
996 2262 1034 2294 et
1051 2262 1144 2306 pota

774 2319 901 2358 uimus
916 2339 926 2349 ·
970 2318 998 2339 33
1010 2318 1168 2368 quando

775 2388 903 2420 autem
923 2387 959 2419 te
979 2381 1146 2419 uidimus

775 2445 941 2494 ospitem
959 2450 997 2482 et
1016 2442 1113 2482 colle

775 2508 902 2558 gimus
919 2527 928 2537 ·
957 2506 1037 2544 Aut
1057 2516 1110 2543 nu

774 2570 868 2608 dum
888 2574 926 2607 et
944 2567 1124 2617 cooperui

774 2643 861 2670 mus
877 2651 885 2661 ·
930 2629 958 2651 ⁸⁹
972 2628 1144 2676 Quando
1163 2639 1213 2666 au

774 2701 854 2732 tem
874 2699 909 2731 te
928 2691 1095 2730 uidimus

772 2756 967 2794 infirmum
986 2759 1052 2792 aut

1321 289 1361 326 in
1381 301 1575 327 carcerem
1594 295 1631 328 et

1321 350 1498 388 uenimus
1518 351 1568 389 ad
1586 357 1624 389 te

1321 412 1351 433 ⁴⁰
1362 411 1412 451 Et
1431 413 1670 463 respondens
1689 426 1758 453 rex

1320 475 1420 513 dicet
1439 475 1509 513 illis
1525 496 1534 505 ·
1565 475 1694 514 Amen

1321 537 1408 575 dico
1426 537 1536 576 uobis
1556 545 1666 587 qua-

1320 599 1384 637 diu
1403 599 1542 638 fecistis
1562 601 1628 638 uni

1318 661 1458 700 horum
1477 661 1597 701 fratrii

1318 736 1494 763 meorum
1513 725 1608 762 mini

1317 798 1470 825 morum
1490 787 1584 825 mihi
1602 786 1639 826 fe

1318 849 1422 888 cistis
1438 870 1447 880 ·
1491 849 1519 870 ⁴¹
1533 849 1649 888 Tunc

1318 911 1408 950 dicit
1428 917 1467 950 et
1485 912 1540 950 eis
1560 913 1626 962 qui
1645 912 1696 951 ad

1318 974 1516 1012 sinistrah‘a'
1531 980 1620 1013 sunt

1316 1035 1512 1075 Discedite
1532 1050 1555 1075 a
1574 1049 1638 1075 me
1657 1049 1723 1076 ma

1314 1099 1444 1138 ledicti
1462 1100 1503 1137 in
1522 1092 1653 1150 ignem

1313 1168 1511 1200 aeternum
1525 1182 1534 1192 ·
1565 1162 1631 1212 qui

1313 1231 1541 1274 praeparatu
1560 1230 1617 1262 est

1314 1286 1468 1326 diabolo
1486 1293 1523 1325 et
1543 1299 1643 1336 ange

1313 1348 1358 1387 lis
1378 1349 1458 1387 eius
1479 1369 1488 1379 ν
1528 1347 1557 1368 ⁴²
1572 1349 1696 1387 Esurii

1312 1411 1415 1450 enim
1435 1417 1472 1450 et
1491 1423 1573 1449 non
1592 1411 1640 1449 de

1312 1474 1418 1512 distis
1437 1473 1530 1511 mihi
1549 1486 1641 1512 man

1314 1562 1457 1602 ducare
1474 1583 1483 1593 ·
1516 1561 1624 1600 Sitiui

1312 1631 1350 1663 et
1369 1637 1449 1671 non
1470 1624 1622 1663 dedisti*⁵
1640 1623 1694 1661 mi

1313 1687 1352 1725 hi
1370 1694 1531 1737 potum·
1574 1686 1603 1708 ⁴⁸
1615 1698 1732 1736 ospes

1311 1762 1418 1788 eram
1437 1755 1475 1787 et
1494 1761 1575 1787 non
1595 1749 1657 1787 col

1311 1812 1454 1863 legistis
1473 1824 1536 1850 me
1552 1832 1562 1842 ·
1591 1824 1645 1850 nu

1283 1889 1287 1891 >
1312 1874 1384 1913 dus
1403 1880 1441 1912 et
1460 1886 1541 1913 non
1559 1885 1683 1924 coope

1310 1937 1434 1975 ruistis
1453 1948 1516 1974 me
1533 1957 1542 1966 ·
1571 1935 1619 1973 In

1308 2000 1439 2038 firmus
1459 2005 1497 2037 et
1515 1999 1555 2036 in
1574 2010 1640 2037 car

1309 2074 1437 2100 cerem
1455 2067 1493 2100 et
1513 2073 1594 2100 non
1611 2072 1660 2099 ue

1307 2124 1414 2163 nistis
1432 2124 1483 2163 ad
1501 2135 1565 2162 me

1310 2187 1339 2208 ⁴⁴
1351 2187 1467 2225 Tunc
1485 2185 1679 2236 responde

1309 2250 1406 2288 bunt
1424 2255 1462 2287 et
1480 2248 1553 2299 ipsi
1573 2248 1685 2287 dicen

1310 2318 1367 2350 tes
1387 2311 1462 2350 dfie
1481 2311 1639 2361 quando

1310 2381 1347 2412 te
1366 2374 1533 2412 uidimus
1552 2384 1621 2411 esu

1308 2437 1471 2475 rientem
1486 2456 1495 2466 ·
1526 2442 1590 2474 aut
1609 2435 1641 2475 si

1309 2499 1466 2538 tientem
1483 2519 1492 2529 ·
1521 2505 1586 2537 aut
1604 2510 1650 2537 os

1307 2563 1426 2612 pitem
1442 2582 1451 2591 ·
1481 2567 1546 2600 aut
1565 2561 1672 2599 nudu

1309 2630 1372 2662 aut
1391 2623 1588 2661 infirmum
1600 2643 1609 2653 ·

1309 2692 1374 2724 aut
1393 2686 1432 2724 in
1457 2696 1651 2724 carcerem

1307 2753 1346 2787 et
1364 2760 1444 2787 non
1463 2747 1721 2786 mistrauimus

1656 2809 1723 2848 tibi

2232 191 2287 240 35

1821 289 1851 312 ¹⁵
1867 290 1982 330 Tunc
2002 293 2194 343 responde

1821 353 1877 391 bit
1895 353 1966 391 illis
1985 354 2117 393 dicens
2133 376 2142 386 ·

1822 414 1952 453 Amen
1972 415 2060 454 dico
2079 418 2189 456 uobis
2202 439 2213 449 ·

1822 477 2007 527 quamdiu
2026 490 2107 516 non
2127 479 2163 518 fe

1821 539 1923 577 cistis
1945 540 2012 577 uni
2032 540 2080 578 de
2100 541 2154 578 mi

1821 601 1978 640 noribus
1998 602 2056 640 his
2104 615 2178 642 nec

1821 663 1914 701 mihi
1933 663 2072 703 fecistis
2085 685 2094 694 ·

1820 725 1849 746 ⁴⁶
1860 725 1911 764 Et
1929 726 2038 766 ibunt
2057 726 2096 764 hi
2114 726 2153 765 in
2173 740 2250 778 poe

1820 799 1891 826 nas
1911 795 2086 827 aeternas
2102 809 2111 818 ·
2141 789 2200 828 ius

1818 850 1846 887 ti
1866 856 1997 889 autem
2015 851 2055 888 in
2074 850 2186 889 uita-

1900 919 2096 951 aeternam
2113 934 2122 943 -
2157 931 2211 946 m

1796 972 1886 1014 *26.
1916 974 1990 1013 1Εἰ
2010 975 2155 1013 factum
2175 983 2235 1015 est

1794 1035 2022 1088 *postquam
2042 1050 2119 1076 con

1794 1097 2022 1139 *summauit
2040 1100 2099 1139 ihs
2116 1121 2125 1132 ·

1793 1160 1886 1201 *hos
1906 1175 2104 1202 sermones

1791 1223 1971 1263 *omnes·
2001 1225 2107 1264 Dixit

1814 1287 2009 1338 discipulis
2029 1289 2106 1327 suis
2122 1309 2131 1319 ·

1811 1349 1826 1371 ²
1839 1350 1950 1389 Scitis
1971 1351 2060 1401 quia
2079 1357 2168 1401 post
2186 1351 2226 1390 bi

1813 1412 1932 1451 duum
1951 1413 2096 1463 pascha
2116 1414 2142 1451 fi

1812 1480 1850 1513 et
1862 1495 1871 1505 ·
1901 1481 1939 1513 et
1958 1475 2055 1513 filius
2074 1475 2180 1514 homi

1813 1561 1872 1600 nis
1891 1562 2060 1600 tradetur
2077 1569 2120 1600 ut

1813 1624 2055 1674 crucifigatur
2071 1644 2110 1654 ·-

1811 1685 1826 1707 3
1839 1686 1953 1724 Tunc
1974 1687 2200 1737 congregati

1813 1755 1901 1786 sunt
1920 1749 2112 1798 principes

1811 1811 2056 1850 sacerdotum
2075 1817 2113 1849 et

1811 1874 1957 1912 scribae
1977 1881 2013 1911 et
2033 1874 2141 1913 senio

1810 1948 1872 1974 res
1891 1935 2047 1986 populi·
2077 1937 2117 1974 in
2136 1948 2161 1975 a

1809 1998 1922 2035 trium
1942 1998 2126 2048 principis

1808 2060 2052 2099 sacerdotum
2066 2081 2075 2092 ·
2103 2061 2169 2111 qui

1808 2123 2004 2161 dicebatur
2023 2123 2166 2161 caiafas

1810 2184 1885 2223 *Et
1905 2185 2106 2224 consilium
2125 2185 2208 2224 fece

1809 2254 1898 2286 runt
1912 2268 1921 2278 ·
1950 2254 1992 2286 ut
2011 2247 2090 2285 ihm
2110 2247 2202 2287 dolo

1808 2317 1933 2349 tentes
1951 2310 2168 2349 occiderent
2184 2330 2193 2340 ·

1811 2373 1825 2394 ⁵
1837 2373 2032 2411 Dicebant
2050 2379 2180 2411 autem

1811 2448 1891 2474 non
1911 2436 1951 2473 in
1970 2436 2072 2473 diem
2091 2435 2235 2473 festu--

1808 2504 1851 2536 ut
1870 2510 1950 2536 non
1969 2497 2152 2537 tumultus

1808 2561 1874 2598 fiat
1892 2561 1932 2598 in
1951 2559 2096 2610 populo
2109 2580 2118 2590 ·

1808 2623 1822 2644 3
1836 2622 1937 2661 Cum
1956 2629 2084 2661 autem
2103 2629 2204 2661 esset
2218 2622 2278 2662 ihs

1809 2686 1849 2724 in
1867 2685 2049 2724 bethania
2062 2705 2070 2715 ·
2099 2686 2140 2723 in
2159 2684 2211 2724 do

1809 2760 1918 2787 mum
1937 2747 2096 2787 simonis
2119 2747 2155 2786 le

2001 2830 2066 2857 1⁴¹2

2304 298 2386 330 Pol.
2398 298 2461 333 69.
