2872 3268
555 203 635 259 136
1492 203 1627 246 SEC·
1837 219 1840 223 ·
2209 213 2301 256 [XV.
2320 217 2485 258 36-xvl.
2504 227 2556 260 15.

340 332 422 364 1¹01.
435 332 522 365 200.
550 319 671 359 helias
690 319 843 371 depone
1052 318 1161 358 diues
1181 318 1338 357 decurio
1359 320 1425 370 qui
1589 326 1889 359 monumentum
1905 341 1914 351 ·
2094 320 2268 361 Primum
2288 324 2431 363 mariae
2576 338 2660 369 ποι,
2677 338 2758 370 201.

550 395 592 421 re
612 382 718 421 illurn
735 404 743 413 ·
762 404 770 413 ·
801 383 831 404 ⁸⁷
842 382 901 421 ihs
921 394 972 420 au
1051 387 1133 419 erat
1149 402 1158 411 ·
1202 387 1240 420 et
1259 381 1344 431 ipse
1365 394 1491 432 expec
1589 381 1639 420 Et
1659 382 1741 421 sole
1761 383 1910 422 oriente
1951 382 1966 405 ⁸
1979 383 2018 422 di
2091 385 2346 435 magdalenae
2386 387 2434 426 de
2451 399 2532 439 qua

551 452 631 484 tem
651 446 793 485 emissa
807 457 905 484 uoce
1050 449 1138 482 tans
1157 456 1321 494 regnum
1342 444 1382 483 di
1589 445 1729 483 cebant
1748 444 1956 484 adinuice-
2089 446 2230 486 eicerat
2251 455 2399 499 septem

550 521 696 559 magna
715 508 867 547 tradidit
1050 505 1100 544 Et
1120 513 1341 545 constanter
1358 507 1460 547 intro
1588 507 1674 557 quis
1693 507 1807 546 nobis
1826 508 1936 547 reuol
2090 508 2296 549 daemonia
2312 532 2320 541 ·
2350 510 2380 532 ¹⁰
2392 518 2432 551 at
2450 512 2513 551 illa

551 574 639 621 spm
655 592 663 601 ·
693 571 721 592 ⁸⁸
733 571 784 609 Et
803 571 933 608 uelum
1049 568 1091 607 iit
1109 568 1160 607 ad
1179 569 1338 620 pilatum
1379 576 1417 609 et
1586 569 1641 607 uit
1660 569 1831 619 lapidem
1851 570 1901 608 ab
1920 582 1967 610 os
2088 573 2303 621 precedens
2322 575 2501 614 n¹³¹11tiauit

550 634 684 684 templi
703 634 860 672 scissu-
1049 631 1144 681 petit
1163 643 1304 682 corpus
1324 632 1390 670 ihu
1587 637 1651 670 teo
1671 632 1936 671 monumenti·
2087 633 2160 672 illis
2202 635 2270 685 qui
2289 647 2379 675 cum
2398 637 2484 687 ipso

549 703 608 735 est
627 696 667 734 in
686 696 833 734 duabus
1049 691 1080 714 ⁴¹⁴
1093 714 1101 723 ·
1117 693 1256 743 pilatus
1276 700 1405 733 autem
1586 694 1600 714 ⁴
1613 693 1665 732 Et
1685 694 1917 744 aspicientes
1935 695 2026 734 uide
2086 695 2241 736 fuerant
2259 697 2421 749 lugetibs

548 759 720 809 partibus
765 771 789 797 a
808 770 894 797 sum
1049 755 1260 795 mirabatur
1279 757 1310 795 si
1329 757 1407 796 iam
1586 762 1672 795 runt
1691 757 1866 795 reuoluti]
2086 765 2124 797 et
2143 758 2324 799 flentibus
2341 782 2349 791 ·
2380 761 2408 783 ¹¹
2421 768 2459 800 at
2477 762 2504 800 il

550 833 616 858 mo
636 832 760 871 usque
784 820 878 859 deor
1049 825 1228 857 mortuus
1248 825 1352 858 esset
1586 818 1753 869 lapidem
1769 841 1777 849 ·
1821 820 1915 859 Erat
1935 825 1998 859 eni
2087 821 2113 859 li
2133 827 2175 860 ut
2196 818 2401 862 audierunt

550 895 637 922 sum
654 904 662 913 -
692 883 721 904 ⁸⁹
736 882 887 922 Uidens
1049 881 1100 920 Et
1119 882 1282 921 acersito
1302 883 1450 921 centuri
1585 893 1752 932 magnus
1771 882 1885 922 nimis
1901 905 1909 914 ·
2087 884 2218 922 uiuere
2238 897 2329 923 eum
2344 906 2353 916 ·
2394 893 2431 925 et
2451 887 2491 925 ui

551 951 679 984 autem
699 946 873 985 centurio
1049 955 1167 983 onem
1187 944 1382 995 interroga
1585 943 1661 982 ⁵Et
1679 944 1921 984 introeuntes
1954 946 1994 985 in
2088 959 2175 985 sum
2194 959 2279 987 esse
2300 949 2349 987 ab
2369 961 2415 988 ea
2429 971 2437 980 -
2480 956 2557 989 n⁰n

551 1008 616 1059 qui
637 1007 812 1047 adstabat
832 1008 883 1047 ibi
975 998 982 1004 ”
1050 1007 1105 1044 uit
1124 1013 1212 1045 eum
1232 1007 1263 1045 si
1283 1007 1362 1045 iam
1381 1019 1467 1047 mor
1585 1014 1842 1047 monumento
1881 1009 1919 1046 ui
2087 1008 2330 1048 crediderunt
2347 1032 2355 1041 ·
2369 1033 2424 1039 —-

553 1071 643 1122 quia
663 1071 718 1110 sic
738 1071 910 1110 clamans
1049 1076 1138 1108 tuus
1153 1076 1254 1109 esset
1267 1091 1276 1101 ·
1307 1070 1336 1092 ⁴⁵
1349 1077 1388 1109 et
1407 1083 1497 1110 cum
1585 1068 1723 1108 derunt
1742 1070 1924 1109 iuuenem
2087 1070 2117 1092 ¹²
2132 1071 2224 1111 Post
2243 1072 2315 1112 hec
2331 1080 2461 1113 autem
2475 1074 2556 1114 duo

549 1133 675 1172 emisit
694 1137 782 1183 spm
798 1154 806 1164 ·
848 1133 914 1173 dix
1049 1132 1296 1183 cognouisset
1334 1145 1358 1171 a
1377 1145 1451 1172 cen
1585 1131 1636 1170 ad
1655 1132 1790 1171 dextra
1829 1134 1969 1173 induti-1
2088 1134 2161 1172 bus
2180 1147 2229 1173 ex
2250 1135 2321 1174 illis
2341 1138 2460 1175 ambu

547 1196 575 1234 it
614 1208 706 1234 uere
725 1196 789 1234 hic
809 1195 931 1235 homo
1049 1195 1202 1233 turione
1242 1195 1403 1234 donauit
1585 1195 1727 1234 stolam
1741 1195 1952 1235 candidam
1970 1219 1978 1228 ·
2087 1195 2257 1236 lantibus
2270 1219 2278 1228 ·
2322 1198 2441 1248 Appa

546 1257 586 1296 di
604 1258 703 1297 filius
723 1265 805 1298 erat
817 1280 826 1289 ·
1048 1269 1192 1308 corpus
1211 1257 1294 1296 eius
1313 1258 1445 1309 ioseph
1459 1280 1468 1289 ·
1585 1263 1624 1295 et
1643 1265 1883 1307 expauerunt
1899 1281 1907 1289 ·
1938 1259 1952 1280 ⁶
1965 1259 1998 1297 Il
2088 1259 2163 1298 ruit
2181 1260 2222 1297 in
2241 1260 2315 1298 alia
2333 1261 2483 1311 effigiae

546 1321 576 1342 ⁴⁰
587 1320 709 1360 Erant
728 1328 858 1360 autem
879 1327 917 1361 et
1047 1320 1076 1341 ⁴⁶
1087 1319 1235 1371 Ioseph
1254 1327 1382 1360 autem
1406 1334 1490 1360 mer
1586 1318 1621 1357 le
1643 1326 1771 1358 autem
1792 1321 1885 1359 dixit
1898 1321 1948 1360 ad
2089 1322 2271 1361 euntibus
2290 1322 2345 1361 eis
2365 1323 2405 1362 in
2424 1323 2518 1363 uilla

546 1384 723 1423 mulieres
742 1384 790 1423 de
809 1385 876 1424 lon
1048 1389 1158 1421 catus
1178 1383 1343 1423 sindone
1361 1405 1368 1414 ·
1384 1385 1426 1422 in
1586 1381 1669 1420 illas
1686 1403 1694 1412 ·
1734 1382 1853 1422 nolite
1873 1396 1976 1434 expa
2089 1383 2116 1405 ¹⁸
2128 1391 2166 1423 et
2185 1384 2236 1423 illi
2255 1391 2391 1425 euntes
2411 1386 2524 1425 nunti

545 1459 595 1497 ge
614 1446 789 1486 uidentes
1048 1445 1172 1489 uoluit
1189 1467 1196 1476 ·
1214 1450 1253 1485 et
1271 1447 1401 1496 posuit
1419 1451 1469 1486 εὖ
1586 1456 1766 1484 uescere·
1797 1446 1878 1483 ihm
1897 1459 1973 1498 que
2089 1453 2254 1486 auerunt
2273 1448 2408 1487 ceteris
2425 1469 2434 1479 ·

1585 1507 1664 1546 ritis
1684 1513 1881 1547 nazorenu
1895 1530 1903 1539 ·

1585 1570 1813 1610 crucifixum
1833 1583 1898 1610 sur

544 1660 642 1699 inter
678 1672 775 1711 quas
796 1667 878 1700 erat
1047 1658 1095 1698 In
1115 1666 1374 1699 monumento
1395 1659 1496 1711 quod
1584 1659 1682 1697 rexit
1722 1671 1805 1697 non
1825 1666 1883 1698 est
1903 1659 1964 1700 hic
1978 1682 1986 1692 ·
2090 1659 2167 1699 Sed
2187 1673 2259 1700 nec
2279 1661 2352 1700 illis
2371 1662 2475 1701 credi

544 1723 668 1762 maria
686 1723 942 1773 magdalenae
1044 1729 1124 1761 erat
1144 1723 1338 1761 excissum
1359 1723 1399 1760 in
1583 1721 1712 1760 uidete
1732 1734 1823 1760 ecce
1843 1722 1954 1762 locus
2089 1723 2227 1762 derunt
2243 1745 2251 1754 ·
2281 1722 2311 1745 ¹¹
2326 1725 2474 1764 nouissi

544 1792 583 1824 et
601 1786 723 1824 maria
742 1786 868 1825 iacobi
934 1784 936 1787 ’
1044 1791 1155 1835 petra
1172 1806 1180 1816 ·
1212 1791 1250 1824 et
1270 1785 1442 1824 aduoluit
1583 1784 1665 1822 eius
1707 1785 1773 1822 ubi
1794 1785 1943 1835 positus
2088 1798 2151 1824 me
2172 1792 2301 1825 autem
2319 1808 2327 1818 ·
2370 1787 2527 1840 Conqui

543 1849 703 1888 minoris
742 1855 780 1887 et
799 1849 935 1900 ioseph
1043 1847 1212 1898 lapidem
1231 1847 1282 1886 ad
1300 1848 1436 1887 ostiu-
1582 1852 1663 1884 erat
1677 1868 1685 1877 ·
1727 1846 1742 1868 ⁷
1756 1846 1834 1885 Sed
1853 1848 1904 1886 ite
1925 1848 2040 1888 dicite
2088 1849 2260 1888 rentibus
2279 1850 2351 1889 illis
2370 1862 2425 1889 un

543 1917 667 1949 mater
708 1918 745 1951 et
765 1911 913 1952 salome
930 1930 938 1938 ·
1043 1911 1288 1950 monumenti
1304 1932 1312 1941 ·
1343 1911 1374 1957 ⁴⁷„
1388 1910 1459 1950 Ma
1582 1909 1777 1960 discipulis
1797 1910 1878 1949 eius
1896 1910 1949 1950 Et
2088 1911 2215 1950 decim
2236 1914 2416 1963 apparuit

543 1973 571 1995 ⁴¹
584 1986 685 2025 quae
706 1986 796 2013 cum
816 1981 945 2013 essent
1043 1974 1098 2012 ria
1121 1979 1253 2012 autem
1271 1973 1452 2024 magdale
1581 1978 1692 2022 petro
1711 1972 1803 2023 quia
1822 1985 1963 2023 praece
2087 1973 2138 2013 Et
2157 1976 2388 2025 exprobauit
2406 1976 2447 2014 in

544 2037 583 2074 in
602 2037 783 2087 galileam
825 2049 868 2076 se
1044 2049 1119 2075 nae
1133 2058 1141 2066 ·
1186 2043 1225 2075 et
1239 2037 1361 2075 maria
1376 2036 1503 2076 iacobi
1582 2034 1647 2073 det
1666 2047 1740 2074 uos
1759 2035 1799 2073 in
1819 2036 1998 2085 galileam
2087 2037 2355 2076 credulitatem
2374 2038 2400 2076 il

543 2100 760 2150 quebantur
778 2112 869 2138 eum
1045 2106 1277 2138 notauerunt
1300 2099 1389 2138 loci-1
1582 2098 1635 2136 ibi
1653 2110 1743 2136 eum
1762 2098 1941 2138 uidebitis
2086 2099 2213 2139 lorum
2230 2121 2239 2130 ·
2280 2106 2319 2139 et
2339 2101 2479 2140 duritia

543 2168 583 2200 et
601 2162 819 2201 ministrant
838 2163 873 2201 ei
1045 2162 1111 2200 ubi
1132 2163 1352 2212 ponebatur
1365 2183 1373 2192 ·
1389 2183 1446 2189 —
1582 2160 1680 2199 sicut
1700 2161 1779 2199 dixi
1799 2162 1913 2200 uobis
1930 2183 1938 2192 ·
2087 2162 2214 2201 cordis
2233 2163 2387 2201 illorum
2403 2184 2412 2194 ·

541 2223 594 2262 Et
613 2224 685 2263 alie
703 2224 846 2263 multae
866 2237 965 2277 quae
1045 2223 1096 2262 Et
1116 2225 1301 2263 abeuntes
1321 2236 1409 2263 eme
1581 2222 1658 2261 ⁸Et
1677 2229 1864 2262 exeuntes
1883 2223 1944 2263 ille
1960 2224 2009 2263 de
2086 2224 2249 2274 Propter
2267 2224 2375 2275 quod
2394 2225 2435 2263 ui

542 2286 654 2325 simul
669 2287 837 2325 ascende
1044 2293 1133 2324 runt
1153 2293 1327 2325 aromata
1341 2292 1383 2324 ut
1581 2291 1839 2324 monumento
1858 2284 1950 2336 fuge
2085 2286 2220 2325 derant
2239 2299 2331 2326 eum
2350 2300 2390 2326 re

542 2356 628 2388 rant
651 2349 848 2400 hierosoly
959 2344 962 2347 ⁴
1046 2361 1136 2387 eum
1155 2355 1373 2399 unguerent
1387 2370 1395 2379 ·
1581 2354 1669 2385 runt
1683 2368 1691 2378 ·
1732 2348 1926 2386 inuaserat
2086 2349 2295 2388 surrexisse
2310 2371 2318 2380 ·
2362 2357 2399 2389 et
2419 2358 2498 2390 nun

589 2430 644 2447 ω
671 2424 738 2451 ma
765 2430 821 2444 m
1045 2411 1546 2450 16.1ettransact0sabbat0
1581 2410 1687 2448 enim
1705 2409 1787 2448 illas
1806 2410 1923 2449 timor
2084 2411 2266 2451 tiantibus
2286 2425 2367 2452 non
2386 2426 2449 2452 cre

504 2474 524 2496 *
544 2474 574 2495 ⁴²
583 2473 634 2513 Et
653 2487 745 2513 cum
764 2475 842 2514 iam
862 2486 949 2514 sero
1044 2475 1166 2513 maria
1186 2474 1442 2524 magdalenae
1460 2496 1468 2505 ·
1582 2479 1620 2511 et
1638 2485 1762 2523 pauor
1802 2472 1855 2512 Et
1874 2474 2020 2512 nemini
2085 2474 2266 2513 diderunt
2282 2497 2315 2506 ··
2346 2475 2375 2497 1⁵
2388 2476 2440 2515 Et
2459 2475 2554 2516 dixit

503 2538 525 2562 *
545 2543 647 2575 esset
665 2537 811 2576 factum
1045 2543 1084 2576 et
1103 2538 1222 2576 maria
1242 2537 1369 2576 iacobi
1383 2559 1391 2568 ·
1436 2544 1475 2577 et
1582 2535 1794 2586 quidquam
1814 2536 2012 2576 audebant
2085 2537 2157 2576 illis
2173 2559 2181 2568 ·
2226 2537 2283 2576 Ite
2304 2538 2344 2576 in
2363 2539 2498 2578 uniuer

504 2601 526 2625 *
546 2599 612 2649 qui
632 2606 713 2638 erat
731 2607 822 2650 post
1046 2599 1194 2638 salome
1214 2606 1390 2638 emerunt
1581 2598 1708 2637 dicere
1728 2602 1824 2648 qfim
1843 2599 1937 2638 time
2086 2611 2174 2638 sum
2193 2601 2330 2639 orbem
2371 2601 2425 2641 Et

504 2662 526 2687 *
546 2673 753 2710 parasceue
771 2685 779 2693 ·
821 2663 928 2714 quod
1043 2668 1219 2701 aromata
1236 2668 1278 2701 ut
1296 2662 1439 2701 uenien
1581 2661 1698 2700 bant·
1728 2666 1750 2702 †
1765 2661 1779 2682 ⁹
1794 2660 1964 2711 Surgens
1985 2675 2035 2702 au
2085 2663 2279 2713 predicate
2299 2676 2402 2703 euan

545 2730 603 2761 est
626 2730 712 2762 ante
733 2726 895 2765 sabbatii
1043 2731 1102 2764 tes
1121 2731 1338 2776 unguerent
1356 2729 1405 2764 esi
1422 2747 1430 2756 ·
1581 2730 1660 2763 tem
1675 2736 1791 2762 mane
1806 2725 1931 2775 prima
1950 2735 1971 2757 v
1986 2725 2076 2762 firias
2087 2726 2231 2776 gelium
2251 2727 2387 2766 uniuer

543 2784 690 2825 ⁴³Uenit
704 2787 839 2838 ioseph
850 2790 900 2828 ab
907 2789 1028 2829 arima
1045 2786 1059 2808 ²
1070 2787 1122 2826 Et
1141 2795 1330 2828 uenerunt
1348 2788 1462 2827 ualde
1582 2787 1730 2827 sabbati
1749 2788 1926 2839 apparuit
2085 2800 2126 2827 se
2145 2794 2342 2828 creaturae

911 2850 991 2889 thia
1044 2851 1168 2901 prima
1188 2851 1335 2891 sabbati
1374 2851 1424 2890 ad
