<?xml version="1.0" encoding="UTF-8"?>
<!DOCTYPE html PUBLIC "-//W3C//DTD XHTML 1.0 Transitional//EN"
    "http://www.w3.org/TR/xhtml1/DTD/xhtml1-transitional.dtd">
<html xmlns="http://www.w3.org/1999/xhtml" xml:lang="en" lang="en">
 <head>
  <title>
</title>
<meta http-equiv="Content-Type" content="text/html;charset=utf-8" />
  <meta name='ocr-system' content='tesseract 3.04.00' />
  <meta name='ocr-capabilities' content='ocr_page ocr_carea ocr_par ocr_line ocrx_word'/>
</head>
<body>
  <div class='ocr_page' id='page_1' title='image "./fourgospelsfromm00whit_0168.png"; bbox 0 0 2872 3268; ppageno 0'>
   <div class='ocr_carea' id='block_1_1' title="bbox 371 336 506 367">
    <p class='ocr_par' dir='ltr' id='par_1_1' title="bbox 371 336 506 367">
     <span class='ocr_line' id='line_1_1' title="bbox 371 336 506 367; baseline 0.007 -1"><span class='ocrx_word' id='word_1_1' title='bbox 371 336 455 367; x_wconf 72' lang='lat'>1’01.</span> <span class='ocrx_word' id='word_1_2' title='bbox 471 337 506 367; x_wconf 80' lang='lat'>9.</span> 
     </span>
    </p>
   </div>
   <div class='ocr_carea' id='block_1_2' title="bbox 542 225 624 254">
    <p class='ocr_par' dir='ltr' id='par_1_2' title="bbox 542 225 624 254">
     <span class='ocr_line' id='line_1_2' title="bbox 542 225 624 254; baseline 0 0"><span class='ocrx_word' id='word_1_3' title='bbox 542 225 624 254; x_wconf 88' lang='lat'>110</span> 
     </span>
    </p>
   </div>
   <div class='ocr_carea' id='block_1_3' title="bbox 535 330 966 1432">
    <p class='ocr_par' dir='ltr' id='par_1_3' title="bbox 538 330 927 619">
     <span class='ocr_line' id='line_1_3' title="bbox 541 330 927 370; baseline -0.003 -1"><span class='ocrx_word' id='word_1_4' title='bbox 541 330 687 370; x_wconf 92' lang='lat' dir='ltr'>electus</span> <span class='ocrx_word' id='word_1_5' title='bbox 701 352 710 361; x_wconf 89' lang='lat'><strong>·</strong></span> <span class='ocrx_word' id='word_1_6' title='bbox 728 351 737 360; x_wconf 92' lang='lat'><strong>·</strong></span> <span class='ocrx_word' id='word_1_7' title='bbox 756 351 764 361; x_wconf 94' lang='lat'><strong>·</strong></span> <span class='ocrx_word' id='word_1_8' title='bbox 795 331 824 351; x_wconf 79' lang='lat'>³⁶</span> <span class='ocrx_word' id='word_1_9' title='bbox 838 330 927 369; x_wconf 91' lang='lat' dir='ltr'>delu</span> 
     </span>
     <span class='ocr_line' id='line_1_4' title="bbox 540 393 901 432; baseline 0 -1"><span class='ocrx_word' id='word_1_10' title='bbox 540 393 684 432; x_wconf 88' lang='lat' dir='ltr'><strong>debant</strong></span> <span class='ocrx_word' id='word_1_11' title='bbox 701 400 832 431; x_wconf 89' lang='lat' dir='ltr'>autem</span> <span class='ocrx_word' id='word_1_12' title='bbox 853 397 901 431; x_wconf 74' lang='lat' dir='ltr'>esi</span> 
     </span>
     <span class='ocr_line' id='line_1_5' title="bbox 538 456 901 494; baseline -0.003 0"><span class='ocrx_word' id='word_1_13' title='bbox 538 462 577 494; x_wconf 88' lang='lat' dir='ltr'>et</span> <span class='ocrx_word' id='word_1_14' title='bbox 595 456 733 494; x_wconf 88' lang='lat' dir='ltr'><strong>milites</strong></span> <span class='ocrx_word' id='word_1_15' title='bbox 750 477 758 486; x_wconf 92' lang='lat'><strong>·</strong></span> <span class='ocrx_word' id='word_1_16' title='bbox 807 456 857 494; x_wconf 88' lang='lat' dir='ltr'>Et</span> <span class='ocrx_word' id='word_1_17' title='bbox 878 468 901 493; x_wconf 88' lang='lat' dir='ltr'>a</span> 
     </span>
     <span class='ocr_line' id='line_1_6' title="bbox 541 518 776 557; baseline -0.004 0"><span class='ocrx_word' id='word_1_18' title='bbox 541 525 671 557; x_wconf 89' lang='lat' dir='ltr'>cetum</span> <span class='ocrx_word' id='word_1_19' title='bbox 695 518 776 557; x_wconf 84' lang='lat' dir='ltr'>offe</span> 
     </span>
     <span class='ocr_line' id='line_1_7' title="bbox 539 581 749 619; baseline -0.005 0"><span class='ocrx_word' id='word_1_20' title='bbox 539 581 677 619; x_wconf 85' lang='lat' dir='ltr'>rebant</span> <span class='ocrx_word' id='word_1_21' title='bbox 698 581 749 619; x_wconf 91' lang='lat' dir='ltr'>illi</span> 
     </span>
    </p>

    <p class='ocr_par' dir='ltr' id='par_1_4' title="bbox 538 642 898 817">
     <span class='ocr_line' id='line_1_8' title="bbox 539 642 898 682; baseline -0.006 0"><span class='ocrx_word' id='word_1_22' title='bbox 539 642 569 664; x_wconf 83' lang='lat'>⁸⁷</span> <span class='ocrx_word' id='word_1_23' title='bbox 582 643 756 682; x_wconf 89' lang='lat' dir='ltr'>dicentes</span> <span class='ocrx_word' id='word_1_24' title='bbox 799 642 838 680; x_wconf 93' lang='lat' dir='ltr'>Si</span> <span class='ocrx_word' id='word_1_25' title='bbox 857 649 898 680; x_wconf 91' lang='lat' dir='ltr'>tu</span> 
     </span>
     <span class='ocr_line' id='line_1_9' title="bbox 539 705 856 744; baseline -0.003 0"><span class='ocrx_word' id='word_1_26' title='bbox 539 717 581 744; x_wconf 89' lang='lat' dir='ltr'>es</span> <span class='ocrx_word' id='word_1_27' title='bbox 601 718 669 744; x_wconf 86' lang='lat' dir='ltr'>rex</span> <span class='ocrx_word' id='word_1_28' title='bbox 692 705 856 743; x_wconf 74' lang='lat' dir='ltr'>iudeori‘i</span> 
     </span>
     <span class='ocr_line' id='line_1_10' title="bbox 538 767 860 817; baseline 0 -12"><span class='ocrx_word' id='word_1_29' title='bbox 538 767 658 806; x_wconf 90' lang='lat' dir='ltr'>libera</span> <span class='ocrx_word' id='word_1_30' title='bbox 677 775 712 806; x_wconf 89' lang='lat' dir='ltr'>te</span> <span class='ocrx_word' id='word_1_31' title='bbox 733 768 860 817; x_wconf 88' lang='lat' dir='ltr'>ipsum</span> 
     </span>
    </p>

    <p class='ocr_par' dir='ltr' id='par_1_5' title="bbox 535 828 966 1432">
     <span class='ocr_line' id='line_1_11' title="bbox 538 828 966 881; baseline 0 -13"><span class='ocrx_word' id='word_1_32' title='bbox 538 830 566 851; x_wconf 80' lang='lat'>³⁸</span> <span class='ocrx_word' id='word_1_33' title='bbox 579 830 629 868; x_wconf 92' lang='lat' dir='ltr'>Et</span> <span class='ocrx_word' id='word_1_34' title='bbox 648 838 729 868; x_wconf 90' lang='lat' dir='ltr'>erat</span> <span class='ocrx_word' id='word_1_35' title='bbox 749 828 966 881; x_wconf 70' lang='lat' dir='ltr'>superscrip</span> 
     </span>
     <span class='ocr_line' id='line_1_12' title="bbox 538 893 861 943; baseline 0 -13"><span class='ocrx_word' id='word_1_36' title='bbox 538 893 591 931; x_wconf 93' lang='lat' dir='ltr'>tio</span> <span class='ocrx_word' id='word_1_37' title='bbox 611 893 796 943; x_wconf 89' lang='lat' dir='ltr'>inscripta</span> <span class='ocrx_word' id='word_1_38' title='bbox 816 904 861 930; x_wconf 91' lang='lat' dir='ltr'>su</span> 
     </span>
     <span class='ocr_line' id='line_1_13' title="bbox 538 954 882 1006; baseline 0.006 -14"><span class='ocrx_word' id='word_1_39' title='bbox 538 967 607 1006; x_wconf 92' lang='lat' dir='ltr'>per</span> <span class='ocrx_word' id='word_1_40' title='bbox 626 954 732 992; x_wconf 89' lang='lat' dir='ltr'>illurn</span> <span class='ocrx_word' id='word_1_41' title='bbox 753 976 761 986; x_wconf 91' lang='lat'><strong>·</strong></span> <span class='ocrx_word' id='word_1_42' title='bbox 804 955 882 994; x_wconf 91' lang='lat' dir='ltr'>litte</span> 
     </span>
     <span class='ocr_line' id='line_1_14' title="bbox 537 1017 928 1068; baseline 0.003 -13"><span class='ocrx_word' id='word_1_43' title='bbox 537 1017 588 1055; x_wconf 90' lang='lat' dir='ltr'>ris</span> <span class='ocrx_word' id='word_1_44' title='bbox 610 1017 734 1068; x_wconf 88' lang='lat' dir='ltr'>grecis</span> <span class='ocrx_word' id='word_1_45' title='bbox 751 1039 759 1047; x_wconf 94' lang='lat'><strong>·</strong></span> <span class='ocrx_word' id='word_1_46' title='bbox 805 1024 843 1056; x_wconf 90' lang='lat' dir='ltr'>et</span> <span class='ocrx_word' id='word_1_47' title='bbox 862 1017 928 1056; x_wconf 92' lang='lat' dir='ltr'>lati</span> 
     </span>
     <span class='ocr_line' id='line_1_15' title="bbox 537 1079 913 1119; baseline 0.005 -2"><span class='ocrx_word' id='word_1_48' title='bbox 537 1081 598 1118; x_wconf 90' lang='lat' dir='ltr'>nis</span> <span class='ocrx_word' id='word_1_49' title='bbox 611 1101 620 1109; x_wconf 92' lang='lat'><strong>·</strong></span> <span class='ocrx_word' id='word_1_50' title='bbox 665 1087 702 1118; x_wconf 93' lang='lat' dir='ltr'>et</span> <span class='ocrx_word' id='word_1_51' title='bbox 723 1079 913 1119; x_wconf 83' lang='lat' dir='ltr'>hebreicis</span> 
     </span>
     <span class='ocr_line' id='line_1_16' title="bbox 537 1142 903 1181; baseline 0.005 -2"><span class='ocrx_word' id='word_1_52' title='bbox 537 1142 599 1181; x_wconf 92' lang='lat' dir='ltr'>hic</span> <span class='ocrx_word' id='word_1_53' title='bbox 620 1148 679 1181; x_wconf 91' lang='lat' dir='ltr'>est</span> <span class='ocrx_word' id='word_1_54' title='bbox 698 1155 766 1180; x_wconf 90' lang='lat' dir='ltr'>rex</span> <span class='ocrx_word' id='word_1_55' title='bbox 786 1143 903 1181; x_wconf 90' lang='lat' dir='ltr'>iudeo</span> 
     </span>
     <span class='ocr_line' id='line_1_17' title="bbox 536 1203 905 1244; baseline 0.005 -2"><span class='ocrx_word' id='word_1_56' title='bbox 536 1217 622 1242; x_wconf 91' lang='lat' dir='ltr'>rum</span> <span class='ocrx_word' id='word_1_57' title='bbox 638 1225 647 1234; x_wconf 92' lang='lat'><strong>·</strong></span> <span class='ocrx_word' id='word_1_58' title='bbox 678 1204 706 1226; x_wconf 78' lang='lat'>³⁹</span> <span class='ocrx_word' id='word_1_59' title='bbox 721 1203 834 1243; x_wconf 88' lang='lat' dir='ltr'>Unus</span> <span class='ocrx_word' id='word_1_60' title='bbox 855 1206 905 1244; x_wconf 91' lang='lat' dir='ltr'>eti</span> 
     </span>
     <span class='ocr_line' id='line_1_18' title="bbox 536 1267 855 1318; baseline 0.003 -13"><span class='ocrx_word' id='word_1_61' title='bbox 536 1280 600 1305; x_wconf 91' lang='lat' dir='ltr'>am</span> <span class='ocrx_word' id='word_1_62' title='bbox 621 1267 855 1318; x_wconf 89' lang='lat' dir='ltr'>dependenti</span> 
     </span>
     <span class='ocr_line' id='line_1_19' title="bbox 535 1330 841 1369; baseline 0 -1"><span class='ocrx_word' id='word_1_63' title='bbox 535 1331 608 1368; x_wconf 91' lang='lat' dir='ltr'>bus</span> <span class='ocrx_word' id='word_1_64' title='bbox 628 1330 841 1369; x_wconf 85' lang='lat' dir='ltr'>latronibus</span> 
     </span>
     <span class='ocr_line' id='line_1_20' title="bbox 535 1393 792 1432; baseline 0.004 -1"><span class='ocrx_word' id='word_1_65' title='bbox 535 1393 792 1432; x_wconf 87' lang='lat' dir='ltr'>blasfemabat</span> 
     </span>
    </p>
   </div>
   <div class='ocr_carea' id='block_1_4' title="bbox 535 1456 909 1560">
    <p class='ocr_par' dir='ltr' id='par_1_6' title="bbox 535 1456 909 1560">
     <span class='ocr_line' id='line_1_21' title="bbox 535 1456 896 1495; baseline 0.003 -1"><span class='ocrx_word' id='word_1_66' title='bbox 535 1467 626 1494; x_wconf 90' lang='lat' dir='ltr'>eum</span> <span class='ocrx_word' id='word_1_67' title='bbox 646 1456 780 1495; x_wconf 90' lang='lat' dir='ltr'>dicens</span> <span class='ocrx_word' id='word_1_68' title='bbox 801 1477 810 1487; x_wconf 87' lang='lat'><strong>·</strong></span> <span class='ocrx_word' id='word_1_69' title='bbox 855 1456 896 1495; x_wconf 91' lang='lat' dir='ltr'>Si</span> 
     </span>
     <span class='ocr_line' id='line_1_22' title="bbox 535 1511 909 1560; baseline 0.005 -12"><span class='ocrx_word' id='word_1_70' title='bbox 535 1516 575 1548; x_wconf 92' lang='lat' dir='ltr'>tu</span> <span class='ocrx_word' id='word_1_71' title='bbox 596 1523 638 1549; x_wconf 92' lang='lat' dir='ltr'>es</span> <span class='ocrx_word' id='word_1_72' title='bbox 661 1514 734 1560; x_wconf 71' lang='lat' dir='ltr'>xps</span> <span class='ocrx_word' id='word_1_73' title='bbox 751 1532 760 1541; x_wconf 93' lang='lat'><strong>·</strong></span> <span class='ocrx_word' id='word_1_74' title='bbox 802 1511 909 1550; x_wconf 89' lang='lat' dir='ltr'>salua</span> 
     </span>
    </p>
   </div>
   <div class='ocr_carea' id='block_1_5' title="bbox 535 1574 780 1624">
    <p class='ocr_par' dir='ltr' id='par_1_7' title="bbox 535 1574 780 1624">
     <span class='ocr_line' id='line_1_23' title="bbox 535 1574 780 1624; baseline 0 -13"><span class='ocrx_word' id='word_1_75' title='bbox 535 1574 780 1624; x_wconf 89' lang='lat' dir='ltr'>temetipsum</span> 
     </span>
    </p>
   </div>
   <div class='ocr_carea' id='block_1_6' title="bbox 534 1663 958 2015">
    <p class='ocr_par' dir='ltr' id='par_1_8' title="bbox 534 1663 958 2015">
     <span class='ocr_line' id='line_1_24' title="bbox 536 1663 958 1713; baseline 0.005 -14"><span class='ocrx_word' id='word_1_76' title='bbox 536 1667 574 1700; x_wconf 92' lang='lat' dir='ltr'>et</span> <span class='ocrx_word' id='word_1_77' title='bbox 593 1673 666 1700; x_wconf 92' lang='lat' dir='ltr'>nos</span> <span class='ocrx_word' id='word_1_78' title='bbox 683 1683 692 1692; x_wconf 91' lang='lat'><strong>·</strong></span> <span class='ocrx_word' id='word_1_79' title='bbox 709 1683 718 1692; x_wconf 91' lang='lat'>·</span> <span class='ocrx_word' id='word_1_80' title='bbox 733 1683 742 1692; x_wconf 93' lang='lat'><strong>·</strong></span> <span class='ocrx_word' id='word_1_81' title='bbox 773 1663 803 1683; x_wconf 73' lang='lat'>‘³⁰</span> <span class='ocrx_word' id='word_1_82' title='bbox 814 1675 958 1713; x_wconf 90' lang='lat' dir='ltr'>respon</span> 
     </span>
     <span class='ocr_line' id='line_1_25' title="bbox 536 1724 948 1764; baseline 0.005 -2"><span class='ocrx_word' id='word_1_83' title='bbox 536 1724 632 1762; x_wconf 91' lang='lat' dir='ltr'>dens</span> <span class='ocrx_word' id='word_1_84' title='bbox 651 1731 780 1763; x_wconf 90' lang='lat' dir='ltr'>autem</span> <span class='ocrx_word' id='word_1_85' title='bbox 800 1725 894 1764; x_wconf 90' lang='lat' dir='ltr'>alter</span> <span class='ocrx_word' id='word_1_86' title='bbox 944 1741 948 1745; x_wconf 91' lang='lat'><em>·</em></span> 
     </span>
     <span class='ocr_line' id='line_1_26' title="bbox 536 1785 937 1838; baseline 0.005 -14"><span class='ocrx_word' id='word_1_87' title='bbox 536 1787 759 1838; x_wconf 86' lang='lat' dir='ltr'>increpabat</span> <span class='ocrx_word' id='word_1_88' title='bbox 779 1801 869 1826; x_wconf 90' lang='lat' dir='ltr'>eum</span> <span class='ocrx_word' id='word_1_89' title='bbox 934 1785 937 1788; x_wconf 70' lang='grc'><em>’</em></span> 
     </span>
     <span class='ocr_line' id='line_1_27' title="bbox 535 1849 942 1890; baseline 0.005 -2"><span class='ocrx_word' id='word_1_90' title='bbox 535 1849 669 1888; x_wconf 91' lang='lat' dir='ltr'>dicens</span> <span class='ocrx_word' id='word_1_91' title='bbox 682 1871 691 1880; x_wconf 92' lang='lat'><strong>·</strong></span> <span class='ocrx_word' id='word_1_92' title='bbox 737 1863 809 1889; x_wconf 92' lang='lat' dir='ltr'>nec</span> <span class='ocrx_word' id='word_1_93' title='bbox 830 1851 942 1890; x_wconf 89' lang='lat' dir='ltr'>times</span> 
     </span>
     <span class='ocr_line' id='line_1_28' title="bbox 534 1912 915 1962; baseline 0.005 -12"><span class='ocrx_word' id='word_1_94' title='bbox 534 1912 600 1950; x_wconf 75' lang='lat' dir='ltr'>dm</span> <span class='ocrx_word' id='word_1_95' title='bbox 621 1919 662 1950; x_wconf 93' lang='lat' dir='ltr'>tu</span> <span class='ocrx_word' id='word_1_96' title='bbox 682 1913 790 1962; x_wconf 91' lang='lat' dir='ltr'>quod</span> <span class='ocrx_word' id='word_1_97' title='bbox 809 1914 848 1951; x_wconf 93' lang='lat' dir='ltr'>in</span> <span class='ocrx_word' id='word_1_98' title='bbox 868 1926 915 1952; x_wconf 90' lang='lat' dir='ltr'>ea</span> 
     </span>
     <span class='ocr_line' id='line_1_29' title="bbox 534 1974 891 2015; baseline 0.006 -2"><span class='ocrx_word' id='word_1_99' title='bbox 534 1974 625 2013; x_wconf 86' lang='lat' dir='ltr'>dem</span> <span class='ocrx_word' id='word_1_100' title='bbox 642 1975 891 2015; x_wconf 69' lang='lat' dir='ltr'>damnatione</span> 
     </span>
    </p>
   </div>
   <div class='ocr_carea' id='block_1_7' title="bbox 533 2037 990 2090">
    <p class='ocr_par' dir='ltr' id='par_1_9' title="bbox 533 2037 990 2090">
     <span class='ocr_line' id='line_1_30' title="bbox 533 2037 990 2090; baseline 0.004 -14"><span class='ocrx_word' id='word_1_101' title='bbox 533 2050 575 2076; x_wconf 91' lang='lat' dir='ltr'>es</span> <span class='ocrx_word' id='word_1_102' title='bbox 590 2059 598 2067; x_wconf 93' lang='lat'><strong>·</strong></span> <span class='ocrx_word' id='word_1_103' title='bbox 628 2037 656 2058; x_wconf 78' lang='lat'>⁴¹</span> <span class='ocrx_word' id='word_1_104' title='bbox 668 2038 720 2077; x_wconf 90' lang='lat' dir='ltr'>Et</span> <span class='ocrx_word' id='word_1_105' title='bbox 740 2051 813 2078; x_wconf 92' lang='lat' dir='ltr'>nos</span> <span class='ocrx_word' id='word_1_106' title='bbox 833 2039 990 2090; x_wconf 91' lang='lat' dir='ltr'>quidem</span> 
     </span>
    </p>
   </div>
   <div class='ocr_carea' id='block_1_8' title="bbox 532 2100 963 2590">
    <p class='ocr_par' dir='ltr' id='par_1_10' title="bbox 533 2100 887 2153">
     <span class='ocr_line' id='line_1_31' title="bbox 533 2100 887 2153; baseline 0.003 -15"><span class='ocrx_word' id='word_1_107' title='bbox 533 2100 631 2139; x_wconf 92' lang='lat' dir='ltr'>iuste</span> <span class='ocrx_word' id='word_1_108' title='bbox 645 2122 653 2131; x_wconf 92' lang='lat'><em>·</em></span> <span class='ocrx_word' id='word_1_109' title='bbox 695 2101 801 2139; x_wconf 91' lang='lat' dir='ltr'>Nam</span> <span class='ocrx_word' id='word_1_110' title='bbox 821 2103 887 2153; x_wconf 91' lang='lat' dir='ltr'>dig</span> 
     </span>
    </p>

    <p class='ocr_par' dir='ltr' id='par_1_11' title="bbox 533 2163 850 2214">
     <span class='ocr_line' id='line_1_32' title="bbox 533 2163 850 2214; baseline 0.003 -13"><span class='ocrx_word' id='word_1_111' title='bbox 533 2175 585 2201; x_wconf 88' lang='lat' dir='ltr'>na</span> <span class='ocrx_word' id='word_1_112' title='bbox 604 2163 712 2201; x_wconf 86' lang='lat' dir='ltr'>factis</span> <span class='ocrx_word' id='word_1_113' title='bbox 732 2165 850 2214; x_wconf 89' lang='lat' dir='ltr'>recipi</span> 
     </span>
    </p>

    <p class='ocr_par' dir='ltr' id='par_1_12' title="bbox 532 2225 880 2339">
     <span class='ocr_line' id='line_1_33' title="bbox 532 2225 878 2266; baseline 0.006 -3"><span class='ocrx_word' id='word_1_114' title='bbox 532 2237 619 2263; x_wconf 91' lang='lat' dir='ltr'>mus</span> <span class='ocrx_word' id='word_1_115' title='bbox 636 2246 644 2255; x_wconf 93' lang='lat'><strong>·</strong></span> <span class='ocrx_word' id='word_1_116' title='bbox 688 2225 764 2264; x_wconf 93' lang='lat' dir='ltr'>Hic</span> <span class='ocrx_word' id='word_1_117' title='bbox 785 2238 878 2266; x_wconf 91' lang='lat' dir='ltr'>uero</span> 
     </span>
     <span class='ocr_line' id='line_1_34' title="bbox 534 2287 880 2339; baseline 0.009 -14"><span class='ocrx_word' id='word_1_118' title='bbox 534 2287 625 2326; x_wconf 89' lang='lat' dir='ltr'>nihil</span> <span class='ocrx_word' id='word_1_119' title='bbox 647 2289 747 2327; x_wconf 92' lang='lat' dir='ltr'>male</span> <span class='ocrx_word' id='word_1_120' title='bbox 763 2290 880 2339; x_wconf 88' lang='lat' dir='ltr'>gessit</span> 
     </span>
    </p>

    <p class='ocr_par' dir='ltr' id='par_1_13' title="bbox 533 2349 963 2590">
     <span class='ocr_line' id='line_1_35' title="bbox 533 2349 963 2391; baseline 0.007 -3"><span class='ocrx_word' id='word_1_121' title='bbox 533 2349 562 2371; x_wconf 77' lang='lat'>⁴²</span> <span class='ocrx_word' id='word_1_122' title='bbox 573 2350 624 2388; x_wconf 91' lang='lat' dir='ltr'>Et</span> <span class='ocrx_word' id='word_1_123' title='bbox 643 2351 796 2390; x_wconf 90' lang='lat' dir='ltr'>dicebat</span> <span class='ocrx_word' id='word_1_124' title='bbox 814 2352 864 2390; x_wconf 93' lang='lat' dir='ltr'>ad</span> <span class='ocrx_word' id='word_1_125' title='bbox 883 2353 963 2391; x_wconf 81' lang='lat' dir='ltr'>ihm</span> 
     </span>
     <span class='ocr_line' id='line_1_36' title="bbox 533 2416 882 2454; baseline 0.011 -4"><span class='ocrx_word' id='word_1_126' title='bbox 533 2425 685 2452; x_wconf 90' lang='lat' dir='ltr'>memor</span> <span class='ocrx_word' id='word_1_127' title='bbox 703 2420 786 2452; x_wconf 90' lang='lat' dir='ltr'>esto</span> <span class='ocrx_word' id='word_1_128' title='bbox 806 2416 882 2454; x_wconf 90' lang='lat' dir='ltr'>mei</span> 
     </span>
     <span class='ocr_line' id='line_1_37' title="bbox 536 2476 906 2527; baseline 0.011 -14"><span class='ocrx_word' id='word_1_129' title='bbox 536 2476 612 2514; x_wconf 74' lang='lat' dir='ltr'>dr‘ie</span> <span class='ocrx_word' id='word_1_130' title='bbox 629 2498 637 2506; x_wconf 93' lang='lat'><em>·</em></span> <span class='ocrx_word' id='word_1_131' title='bbox 678 2478 837 2527; x_wconf 90' lang='lat' dir='ltr'>quando</span> <span class='ocrx_word' id='word_1_132' title='bbox 856 2491 906 2517; x_wconf 89' lang='lat' dir='ltr'>ue</span> 
     </span>
     <span class='ocr_line' id='line_1_38' title="bbox 538 2539 931 2590; baseline 0.013 -15"><span class='ocrx_word' id='word_1_133' title='bbox 538 2539 620 2576; x_wconf 89' lang='lat' dir='ltr'>nies</span> <span class='ocrx_word' id='word_1_134' title='bbox 639 2539 679 2576; x_wconf 93' lang='lat' dir='ltr'>in</span> <span class='ocrx_word' id='word_1_135' title='bbox 699 2552 821 2590; x_wconf 90' lang='lat' dir='ltr'>regno</span> <span class='ocrx_word' id='word_1_136' title='bbox 841 2547 908 2580; x_wconf 91' lang='lat' dir='ltr'>tuo</span> <span class='ocrx_word' id='word_1_137' title='bbox 922 2562 931 2571; x_wconf 92' lang='lat'><strong>·</strong></span> 
     </span>
    </p>
   </div>
   <div class='ocr_carea' id='block_1_9' title="bbox 536 2600 1001 2643">
    <p class='ocr_par' dir='ltr' id='par_1_14' title="bbox 536 2600 1001 2643">
     <span class='ocr_line' id='line_1_39' title="bbox 536 2600 1001 2643; baseline 0.013 -6"><span class='ocrx_word' id='word_1_138' title='bbox 536 2600 619 2638; x_wconf 83' lang='lat' dir='ltr'>⁴³Et</span> <span class='ocrx_word' id='word_1_139' title='bbox 634 2601 724 2639; x_wconf 83' lang='lat' dir='ltr'>dixit</span> <span class='ocrx_word' id='word_1_140' title='bbox 736 2604 770 2640; x_wconf 90' lang='lat' dir='ltr'>ei</span> <span class='ocrx_word' id='word_1_141' title='bbox 783 2603 842 2641; x_wconf 85' lang='lat' dir='ltr'>ihs</span> <span class='ocrx_word' id='word_1_142' title='bbox 855 2625 864 2633; x_wconf 94' lang='lat'><strong>·</strong></span> <span class='ocrx_word' id='word_1_143' title='bbox 885 2616 1001 2643; x_wconf 89' lang='lat' dir='ltr'>amen</span> 
     </span>
    </p>
   </div>
   <div class='ocr_carea' id='block_1_10' title="bbox 537 2662 868 2765">
    <p class='ocr_par' dir='ltr' id='par_1_15' title="bbox 537 2662 868 2765">
     <span class='ocr_line' id='line_1_40' title="bbox 537 2662 868 2704; baseline 0.015 -5"><span class='ocrx_word' id='word_1_144' title='bbox 537 2662 624 2700; x_wconf 92' lang='lat' dir='ltr'>dico</span> <span class='ocrx_word' id='word_1_145' title='bbox 644 2665 712 2701; x_wconf 91' lang='lat' dir='ltr'>tibi</span> <span class='ocrx_word' id='word_1_146' title='bbox 754 2665 868 2704; x_wconf 90' lang='lat' dir='ltr'>hodie</span> 
     </span>
     <span class='ocr_line' id='line_1_41' title="bbox 537 2726 801 2765; baseline 0.019 -5"><span class='ocrx_word' id='word_1_147' title='bbox 537 2729 652 2762; x_wconf 63' lang='lat' dir='ltr'>meet-1</span> <span class='ocrx_word' id='word_1_148' title='bbox 672 2726 743 2764; x_wconf 87' lang='lat' dir='ltr'>eris</span> <span class='ocrx_word' id='word_1_149' title='bbox 763 2728 801 2765; x_wconf 86' lang='lat' dir='ltr'>iu</span> 
     </span>
    </p>
   </div>
   <div class='ocr_carea' id='block_1_11' title="bbox 537 2787 934 2890">
    <p class='ocr_par' dir='ltr' id='par_1_16' title="bbox 537 2787 934 2890">
     <span class='ocr_line' id='line_1_42' title="bbox 537 2787 934 2835; baseline 0.018 -13"><span class='ocrx_word' id='word_1_150' title='bbox 537 2787 693 2835; x_wconf 87' lang='lat' dir='ltr'>padisso</span> <span class='ocrx_word' id='word_1_151' title='bbox 707 2809 715 2817; x_wconf 93' lang='lat'><strong>·</strong></span> <span class='ocrx_word' id='word_1_152' title='bbox 745 2789 774 2810; x_wconf 80' lang='lat'>⁴⁴</span> <span class='ocrx_word' id='word_1_153' title='bbox 786 2791 835 2828; x_wconf 92' lang='lat' dir='ltr'>Et</span> <span class='ocrx_word' id='word_1_154' title='bbox 854 2799 934 2830; x_wconf 85' lang='lat' dir='ltr'>erat</span> 
     </span>
     <span class='ocr_line' id='line_1_43' title="bbox 541 2846 858 2890; baseline 0.019 -6"><span class='ocrx_word' id='word_1_155' title='bbox 541 2846 618 2885; x_wconf 88' lang='lat' dir='ltr'>fere</span> <span class='ocrx_word' id='word_1_156' title='bbox 638 2848 732 2887; x_wconf 89' lang='lat' dir='ltr'>hora</span> <span class='ocrx_word' id='word_1_157' title='bbox 751 2859 858 2890; x_wconf 87' lang='lat' dir='ltr'>sexta</span> 
     </span>
    </p>
   </div>
   <div class='ocr_carea' id='block_1_12' title="bbox 1450 211 1633 253">
    <p class='ocr_par' dir='ltr' id='par_1_17' title="bbox 1450 211 1633 253">
     <span class='ocr_line' id='line_1_44' title="bbox 1450 211 1633 253; baseline 0 -1"><span class='ocrx_word' id='word_1_158' title='bbox 1450 211 1609 253; x_wconf 88' lang='lat' dir='ltr'><em>SECD</em></span> <span class='ocrx_word' id='word_1_159' title='bbox 1624 232 1633 242; x_wconf 92' lang='lat'><strong>·</strong></span> 
     </span>
    </p>
   </div>
   <div class='ocr_carea' id='block_1_13' title="bbox 1039 329 1479 1631">
    <p class='ocr_par' dir='ltr' id='par_1_18' title="bbox 1041 329 1475 1067">
     <span class='ocr_line' id='line_1_45' title="bbox 1045 329 1431 367; baseline -0.003 0"><span class='ocrx_word' id='word_1_160' title='bbox 1045 330 1084 367; x_wconf 92' lang='lat' dir='ltr'>in</span> <span class='ocrx_word' id='word_1_161' title='bbox 1104 329 1285 367; x_wconf 89' lang='lat' dir='ltr'>uniuersa</span> <span class='ocrx_word' id='word_1_162' title='bbox 1307 334 1407 366; x_wconf 90' lang='lat' dir='ltr'>terra</span> <span class='ocrx_word' id='word_1_163' title='bbox 1424 350 1431 358; x_wconf 91' lang='lat'><strong>·</strong></span> 
     </span>
     <span class='ocr_line' id='line_1_46' title="bbox 1044 392 1394 441; baseline -0.003 -12"><span class='ocrx_word' id='word_1_164' title='bbox 1044 403 1166 441; x_wconf 87' lang='lat' dir='ltr'>usque</span> <span class='ocrx_word' id='word_1_165' title='bbox 1187 392 1227 429; x_wconf 90' lang='lat' dir='ltr'>in</span> <span class='ocrx_word' id='word_1_166' title='bbox 1247 403 1394 429; x_wconf 87' lang='lat' dir='ltr'>nonam</span> 
     </span>
     <span class='ocr_line' id='line_1_47' title="bbox 1045 453 1475 492; baseline 0 -1"><span class='ocrx_word' id='word_1_167' title='bbox 1045 454 1182 491; x_wconf 88' lang='lat' dir='ltr'>horam</span> <span class='ocrx_word' id='word_1_168' title='bbox 1200 474 1208 483; x_wconf 93' lang='lat'><em>·</em></span> <span class='ocrx_word' id='word_1_169' title='bbox 1239 454 1268 474; x_wconf 76' lang='lat'>⁴⁶</span> <span class='ocrx_word' id='word_1_170' title='bbox 1279 453 1331 491; x_wconf 91' lang='lat' dir='ltr'>Et</span> <span class='ocrx_word' id='word_1_171' title='bbox 1351 454 1475 492; x_wconf 89' lang='lat' dir='ltr'>obscu</span> 
     </span>
     <span class='ocr_line' id='line_1_48' title="bbox 1044 516 1475 555; baseline 0.005 -2"><span class='ocrx_word' id='word_1_172' title='bbox 1044 522 1148 554; x_wconf 87' lang='lat' dir='ltr'>ratus</span> <span class='ocrx_word' id='word_1_173' title='bbox 1168 523 1225 554; x_wconf 89' lang='lat' dir='ltr'>est</span> <span class='ocrx_word' id='word_1_174' title='bbox 1246 516 1305 554; x_wconf 90' lang='lat' dir='ltr'>sol</span> <span class='ocrx_word' id='word_1_175' title='bbox 1321 537 1329 546; x_wconf 93' lang='lat'><strong>·</strong></span> <span class='ocrx_word' id='word_1_176' title='bbox 1371 522 1408 555; x_wconf 92' lang='lat' dir='ltr'>et</span> <span class='ocrx_word' id='word_1_177' title='bbox 1428 529 1475 555; x_wconf 91' lang='lat' dir='ltr'>ue</span> 
     </span>
     <span class='ocr_line' id='line_1_49' title="bbox 1044 578 1432 629; baseline 0.003 -13"><span class='ocrx_word' id='word_1_178' title='bbox 1044 578 1125 616; x_wconf 93' lang='lat' dir='ltr'>lum</span> <span class='ocrx_word' id='word_1_179' title='bbox 1150 579 1286 629; x_wconf 91' lang='lat' dir='ltr'>templi</span> <span class='ocrx_word' id='word_1_180' title='bbox 1309 579 1432 617; x_wconf 75' lang='lat' dir='ltr'>scissn</span> 
     </span>
     <span class='ocr_line' id='line_1_50' title="bbox 1043 641 1442 680; baseline 0.003 -1"><span class='ocrx_word' id='word_1_181' title='bbox 1043 648 1100 679; x_wconf 92' lang='lat' dir='ltr'>est</span> <span class='ocrx_word' id='word_1_182' title='bbox 1119 641 1292 679; x_wconf 89' lang='lat' dir='ltr'>medium</span> <span class='ocrx_word' id='word_1_183' title='bbox 1309 661 1318 671; x_wconf 91' lang='lat'><strong>·</strong></span> <span class='ocrx_word' id='word_1_184' title='bbox 1349 642 1378 662; x_wconf 79' lang='lat'>⁴⁶</span> <span class='ocrx_word' id='word_1_185' title='bbox 1390 641 1442 680; x_wconf 89' lang='lat' dir='ltr'>Et</span> 
     </span>
     <span class='ocr_line' id='line_1_51' title="bbox 1043 703 1454 755; baseline 0.002 -13"><span class='ocrx_word' id='word_1_186' title='bbox 1043 703 1217 742; x_wconf 90' lang='lat' dir='ltr'>clamans</span> <span class='ocrx_word' id='word_1_187' title='bbox 1239 716 1338 743; x_wconf 90' lang='lat' dir='ltr'>uoce</span> <span class='ocrx_word' id='word_1_188' title='bbox 1358 710 1454 755; x_wconf 57' lang='lat' dir='ltr'>mag.</span> 
     </span>
     <span class='ocr_line' id='line_1_52' title="bbox 1043 766 1415 817; baseline 0.008 -14"><span class='ocrx_word' id='word_1_189' title='bbox 1043 778 1094 804; x_wconf 92' lang='lat' dir='ltr'>na</span> <span class='ocrx_word' id='word_1_190' title='bbox 1113 766 1171 805; x_wconf 79' lang='lat' dir='ltr'>ihs</span> <span class='ocrx_word' id='word_1_191' title='bbox 1220 767 1316 805; x_wconf 88' lang='lat' dir='ltr'>dixit</span> <span class='ocrx_word' id='word_1_192' title='bbox 1363 780 1415 817; x_wconf 86' lang='lat' dir='ltr'>pa</span> 
     </span>
     <span class='ocr_line' id='line_1_53' title="bbox 1042 829 1428 868; baseline 0.005 -2"><span class='ocrx_word' id='word_1_193' title='bbox 1042 834 1099 866; x_wconf 88' lang='lat' dir='ltr'>ter</span> <span class='ocrx_word' id='word_1_194' title='bbox 1118 829 1157 866; x_wconf 91' lang='lat' dir='ltr'>in</span> <span class='ocrx_word' id='word_1_195' title='bbox 1178 841 1321 868; x_wconf 85' lang='lat' dir='ltr'>manus</span> <span class='ocrx_word' id='word_1_196' title='bbox 1340 835 1428 868; x_wconf 92' lang='lat' dir='ltr'>tuas</span> 
     </span>
     <span class='ocr_line' id='line_1_54' title="bbox 1041 891 1390 942; baseline 0.003 -13"><span class='ocrx_word' id='word_1_197' title='bbox 1041 891 1280 930; x_wconf 89' lang='lat' dir='ltr'>commendo</span> <span class='ocrx_word' id='word_1_198' title='bbox 1301 895 1390 942; x_wconf 75' lang='lat' dir='ltr'>spm</span> 
     </span>
     <span class='ocr_line' id='line_1_55' title="bbox 1041 954 1446 994; baseline 0.007 -3"><span class='ocrx_word' id='word_1_199' title='bbox 1041 966 1173 992; x_wconf 91' lang='lat' dir='ltr'>meum</span> <span class='ocrx_word' id='word_1_200' title='bbox 1188 975 1196 984; x_wconf 94' lang='lat'><strong>·</strong></span> <span class='ocrx_word' id='word_1_201' title='bbox 1238 955 1290 993; x_wconf 91' lang='lat' dir='ltr'>Et</span> <span class='ocrx_word' id='word_1_202' title='bbox 1309 954 1385 993; x_wconf 94' lang='lat' dir='ltr'>hoc</span> <span class='ocrx_word' id='word_1_203' title='bbox 1407 955 1446 994; x_wconf 91' lang='lat' dir='ltr'>di</span> 
     </span>
     <span class='ocr_line' id='line_1_56' title="bbox 1041 1017 1412 1067; baseline 0.005 -13"><span class='ocrx_word' id='word_1_204' title='bbox 1041 1028 1133 1054; x_wconf 91' lang='lat' dir='ltr'>cens</span> <span class='ocrx_word' id='word_1_205' title='bbox 1154 1017 1279 1056; x_wconf 91' lang='lat' dir='ltr'>emisit</span> <span class='ocrx_word' id='word_1_206' title='bbox 1302 1021 1389 1067; x_wconf 74' lang='lat' dir='ltr'>spm</span> <span class='ocrx_word' id='word_1_207' title='bbox 1404 1039 1412 1048; x_wconf 93' lang='lat'><strong>·</strong></span> 
     </span>
    </p>

    <p class='ocr_par' dir='ltr' id='par_1_19' title="bbox 1040 1078 1479 1192">
     <span class='ocr_line' id='line_1_57' title="bbox 1040 1078 1479 1120; baseline 0.009 -4"><span class='ocrx_word' id='word_1_208' title='bbox 1040 1078 1069 1100; x_wconf 79' lang='lat'>⁴⁷</span> <span class='ocrx_word' id='word_1_209' title='bbox 1082 1078 1231 1118; x_wconf 89' lang='lat' dir='ltr'>Uidens</span> <span class='ocrx_word' id='word_1_210' title='bbox 1255 1087 1385 1118; x_wconf 89' lang='lat' dir='ltr'>autem</span> <span class='ocrx_word' id='word_1_211' title='bbox 1406 1093 1479 1120; x_wconf 92' lang='lat' dir='ltr'>cen</span> 
     </span>
     <span class='ocr_line' id='line_1_58' title="bbox 1040 1141 1336 1192; baseline 0.01 -14"><span class='ocrx_word' id='word_1_212' title='bbox 1040 1141 1138 1179; x_wconf 91' lang='lat' dir='ltr'>turio</span> <span class='ocrx_word' id='word_1_213' title='bbox 1159 1142 1266 1192; x_wconf 91' lang='lat' dir='ltr'>quod</span> <span class='ocrx_word' id='word_1_214' title='bbox 1286 1143 1336 1181; x_wconf 90' lang='lat' dir='ltr'>fie</span> 
     </span>
    </p>

    <p class='ocr_par' dir='ltr' id='par_1_20' title="bbox 1039 1204 1345 1307">
     <span class='ocr_line' id='line_1_59' title="bbox 1039 1204 1336 1255; baseline 0.007 -13"><span class='ocrx_word' id='word_1_215' title='bbox 1039 1204 1106 1242; x_wconf 93' lang='lat' dir='ltr'>bat</span> <span class='ocrx_word' id='word_1_216' title='bbox 1126 1206 1336 1255; x_wconf 89' lang='lat' dir='ltr'>magnifica</span> 
     </span>
     <span class='ocr_line' id='line_1_60' title="bbox 1040 1267 1345 1307; baseline 0.003 -1"><span class='ocrx_word' id='word_1_217' title='bbox 1040 1267 1192 1306; x_wconf 75' lang='lat' dir='ltr'>batdfii</span> <span class='ocrx_word' id='word_1_218' title='bbox 1212 1268 1345 1307; x_wconf 91' lang='lat' dir='ltr'>dicens</span> 
     </span>
    </p>

    <p class='ocr_par' dir='ltr' id='par_1_21' title="bbox 1039 1329 1346 1432">
     <span class='ocr_line' id='line_1_61' title="bbox 1039 1329 1346 1370; baseline 0.01 -3"><span class='ocrx_word' id='word_1_219' title='bbox 1039 1342 1128 1368; x_wconf 91' lang='lat' dir='ltr'>uere</span> <span class='ocrx_word' id='word_1_220' title='bbox 1145 1329 1204 1368; x_wconf 92' lang='lat' dir='ltr'>hic</span> <span class='ocrx_word' id='word_1_221' title='bbox 1225 1330 1346 1370; x_wconf 93' lang='lat' dir='ltr'>homo</span> 
     </span>
     <span class='ocr_line' id='line_1_62' title="bbox 1040 1393 1287 1432; baseline 0.008 -2"><span class='ocrx_word' id='word_1_222' title='bbox 1040 1393 1160 1431; x_wconf 94' lang='lat' dir='ltr'>iustus</span> <span class='ocrx_word' id='word_1_223' title='bbox 1180 1400 1262 1432; x_wconf 90' lang='lat' dir='ltr'>erat</span> <span class='ocrx_word' id='word_1_224' title='bbox 1278 1414 1287 1424; x_wconf 93' lang='lat'><strong>·</strong></span> 
     </span>
    </p>

    <p class='ocr_par' dir='ltr' id='par_1_22' title="bbox 1040 1455 1421 1631">
     <span class='ocr_line' id='line_1_63' title="bbox 1040 1455 1411 1496; baseline 0.008 -3"><span class='ocrx_word' id='word_1_225' title='bbox 1040 1455 1068 1476; x_wconf 77' lang='lat'>⁴⁸</span> <span class='ocrx_word' id='word_1_226' title='bbox 1081 1455 1130 1494; x_wconf 91' lang='lat' dir='ltr'>Et</span> <span class='ocrx_word' id='word_1_227' title='bbox 1150 1457 1278 1495; x_wconf 90' lang='lat' dir='ltr'>omnis</span> <span class='ocrx_word' id='word_1_228' title='bbox 1299 1458 1411 1496; x_wconf 88' lang='lat' dir='ltr'>turba</span> 
     </span>
     <span class='ocr_line' id='line_1_64' title="bbox 1041 1518 1421 1569; baseline 0.008 -14"><span class='ocrx_word' id='word_1_229' title='bbox 1041 1519 1106 1569; x_wconf 92' lang='lat' dir='ltr'>qui</span> <span class='ocrx_word' id='word_1_230' title='bbox 1127 1518 1240 1556; x_wconf 91' lang='lat' dir='ltr'>simul</span> <span class='ocrx_word' id='word_1_231' title='bbox 1260 1519 1421 1558; x_wconf 89' lang='lat' dir='ltr'>aderant</span> 
     </span>
     <span class='ocr_line' id='line_1_65' title="bbox 1041 1581 1379 1631; baseline 0.006 -12"><span class='ocrx_word' id='word_1_232' title='bbox 1041 1581 1091 1619; x_wconf 92' lang='lat' dir='ltr'>ad</span> <span class='ocrx_word' id='word_1_233' title='bbox 1114 1582 1379 1631; x_wconf 89' lang='lat' dir='ltr'>spectaculum</span> 
     </span>
    </p>
   </div>
   <div class='ocr_carea' id='block_1_14' title="bbox 1036 1668 1492 2911">
    <p class='ocr_par' dir='ltr' id='par_1_23' title="bbox 1041 1668 1392 1709">
     <span class='ocr_line' id='line_1_66' title="bbox 1041 1668 1392 1709; baseline 0.006 -2"><span class='ocrx_word' id='word_1_234' title='bbox 1041 1668 1164 1708; x_wconf 91' lang='lat' dir='ltr'>istud·</span> <span class='ocrx_word' id='word_1_235' title='bbox 1205 1670 1392 1709; x_wconf 90' lang='lat' dir='ltr'>uidenten</span> 
     </span>
    </p>

    <p class='ocr_par' dir='ltr' id='par_1_24' title="bbox 1038 1733 1459 2148">
     <span class='ocr_line' id='line_1_67' title="bbox 1040 1733 1381 1782; baseline 0.003 -12"><span class='ocrx_word' id='word_1_236' title='bbox 1040 1738 1096 1770; x_wconf 90' lang='lat' dir='ltr'>tes</span> <span class='ocrx_word' id='word_1_237' title='bbox 1116 1744 1215 1782; x_wconf 90' lang='lat' dir='ltr'>quae</span> <span class='ocrx_word' id='word_1_238' title='bbox 1236 1733 1381 1771; x_wconf 90' lang='lat' dir='ltr'>fiebant</span> 
     </span>
     <span class='ocr_line' id='line_1_68' title="bbox 1039 1795 1395 1846; baseline 0.003 -13"><span class='ocrx_word' id='word_1_239' title='bbox 1039 1795 1297 1845; x_wconf 88' lang='lat' dir='ltr'>percutientes</span> <span class='ocrx_word' id='word_1_240' title='bbox 1322 1808 1395 1846; x_wconf 91' lang='lat' dir='ltr'>pec</span> 
     </span>
     <span class='ocr_line' id='line_1_69' title="bbox 1039 1863 1343 1896; baseline 0.003 -1"><span class='ocrx_word' id='word_1_241' title='bbox 1039 1863 1124 1895; x_wconf 89' lang='lat' dir='ltr'>tora</span> <span class='ocrx_word' id='word_1_242' title='bbox 1145 1870 1213 1896; x_wconf 88' lang='lat' dir='ltr'>sua</span> <span class='ocrx_word' id='word_1_243' title='bbox 1233 1871 1343 1896; x_wconf 91' lang='lat' dir='ltr'>reuer</span> 
     </span>
     <span class='ocr_line' id='line_1_70' title="bbox 1039 1920 1379 1960; baseline 0.006 -2"><span class='ocrx_word' id='word_1_244' title='bbox 1039 1921 1217 1958; x_wconf 86' lang='lat' dir='ltr'>tebantur</span> <span class='ocrx_word' id='word_1_245' title='bbox 1230 1941 1239 1950; x_wconf 92' lang='lat'><strong>·</strong></span> <span class='ocrx_word' id='word_1_246' title='bbox 1269 1921 1298 1942; x_wconf 77' lang='lat'>‘¹⁹</span> <span class='ocrx_word' id='word_1_247' title='bbox 1312 1920 1379 1960; x_wconf 90' lang='lat' dir='ltr'>Sta</span> 
     </span>
     <span class='ocr_line' id='line_1_71' title="bbox 1039 1983 1439 2023; baseline 0.008 -3"><span class='ocrx_word' id='word_1_248' title='bbox 1039 1983 1133 2020; x_wconf 91' lang='lat' dir='ltr'>bant</span> <span class='ocrx_word' id='word_1_249' title='bbox 1152 1990 1282 2021; x_wconf 89' lang='lat' dir='ltr'>autem</span> <span class='ocrx_word' id='word_1_250' title='bbox 1302 1996 1439 2023; x_wconf 91' lang='lat' dir='ltr'>omnes</span> 
     </span>
     <span class='ocr_line' id='line_1_72' title="bbox 1038 2046 1459 2097; baseline 0.007 -14"><span class='ocrx_word' id='word_1_251' title='bbox 1038 2046 1119 2083; x_wconf 91' lang='lat' dir='ltr'>noti</span> <span class='ocrx_word' id='word_1_252' title='bbox 1139 2046 1219 2084; x_wconf 90' lang='lat' dir='ltr'>eius</span> <span class='ocrx_word' id='word_1_253' title='bbox 1239 2059 1262 2084; x_wconf 92' lang='lat' dir='ltr'>a</span> <span class='ocrx_word' id='word_1_254' title='bbox 1285 2046 1401 2097; x_wconf 91' lang='lat' dir='ltr'>longe</span> <span class='ocrx_word' id='word_1_255' title='bbox 1421 2048 1459 2086; x_wconf 91' lang='lat' dir='ltr'>ui</span> 
     </span>
     <span class='ocr_line' id='line_1_73' title="bbox 1038 2107 1409 2148; baseline 0.008 -3"><span class='ocrx_word' id='word_1_256' title='bbox 1038 2107 1173 2146; x_wconf 91' lang='lat' dir='ltr'>dentes</span> <span class='ocrx_word' id='word_1_257' title='bbox 1220 2108 1271 2147; x_wconf 91' lang='lat' dir='ltr'>Et</span> <span class='ocrx_word' id='word_1_258' title='bbox 1292 2110 1409 2148; x_wconf 87' lang='lat' dir='ltr'>mulie</span> 
     </span>
    </p>

    <p class='ocr_par' dir='ltr' id='par_1_25' title="bbox 1036 2179 1412 2335">
     <span class='ocr_line' id='line_1_74' title="bbox 1036 2179 1368 2220; baseline 0.012 -13"><span class='ocrx_word' id='word_1_259' title='bbox 1036 2182 1097 2208; x_wconf 89' lang='lat' dir='ltr'>res</span> <span class='ocrx_word' id='word_1_260' title='bbox 1117 2183 1218 2220; x_wconf 89' lang='lat' dir='ltr'>quae</span> <span class='ocrx_word' id='word_1_261' title='bbox 1238 2179 1368 2211; x_wconf 85' lang='lat' dir='ltr'>secute</span> 
     </span>
     <span class='ocr_line' id='line_1_75' title="bbox 1036 2233 1412 2283; baseline 0.005 -13"><span class='ocrx_word' id='word_1_262' title='bbox 1036 2239 1145 2270; x_wconf 87' lang='lat' dir='ltr'>erant</span> <span class='ocrx_word' id='word_1_263' title='bbox 1165 2233 1271 2271; x_wconf 91' lang='lat' dir='ltr'>illum</span> <span class='ocrx_word' id='word_1_264' title='bbox 1293 2247 1315 2272; x_wconf 88' lang='lat' dir='ltr'>a</span> <span class='ocrx_word' id='word_1_265' title='bbox 1335 2235 1412 2283; x_wconf 86' lang='lat' dir='ltr'>gali</span> 
     </span>
     <span class='ocr_line' id='line_1_76' title="bbox 1036 2294 1405 2335; baseline 0.008 -3"><span class='ocrx_word' id='word_1_266' title='bbox 1036 2294 1097 2333; x_wconf 91' lang='lat' dir='ltr'>lea</span> <span class='ocrx_word' id='word_1_267' title='bbox 1115 2295 1211 2334; x_wconf 90' lang='lat' dir='ltr'>haec</span> <span class='ocrx_word' id='word_1_268' title='bbox 1230 2297 1405 2335; x_wconf 90' lang='lat' dir='ltr'>uidentes</span> 
     </span>
    </p>

    <p class='ocr_par' dir='ltr' id='par_1_26' title="bbox 1036 2356 1492 2521">
     <span class='ocr_line' id='line_1_77' title="bbox 1037 2356 1492 2399; baseline 0.011 -5"><span class='ocrx_word' id='word_1_269' title='bbox 1037 2356 1066 2378; x_wconf 80' lang='lat'>⁵⁰</span> <span class='ocrx_word' id='word_1_270' title='bbox 1079 2356 1130 2395; x_wconf 92' lang='lat' dir='ltr'>Et</span> <span class='ocrx_word' id='word_1_271' title='bbox 1145 2370 1237 2396; x_wconf 92' lang='lat' dir='ltr'>ecce</span> <span class='ocrx_word' id='word_1_272' title='bbox 1257 2359 1314 2396; x_wconf 91' lang='lat' dir='ltr'>uir</span> <span class='ocrx_word' id='word_1_273' title='bbox 1334 2360 1492 2399; x_wconf 90' lang='lat' dir='ltr'>nomine</span> 
     </span>
     <span class='ocr_line' id='line_1_78' title="bbox 1036 2419 1414 2471; baseline 0.008 -14"><span class='ocrx_word' id='word_1_274' title='bbox 1036 2419 1173 2470; x_wconf 91' lang='lat' dir='ltr'>ioseph</span> <span class='ocrx_word' id='word_1_275' title='bbox 1190 2442 1197 2449; x_wconf 94' lang='lat'>·</span> <span class='ocrx_word' id='word_1_276' title='bbox 1248 2421 1312 2471; x_wconf 92' lang='lat' dir='ltr'>qui</span> <span class='ocrx_word' id='word_1_277' title='bbox 1332 2429 1414 2460; x_wconf 90' lang='lat' dir='ltr'>erat</span> 
     </span>
     <span class='ocr_line' id='line_1_79' title="bbox 1038 2482 1340 2521; baseline 0.003 -1"><span class='ocrx_word' id='word_1_278' title='bbox 1038 2482 1194 2521; x_wconf 91' lang='lat' dir='ltr'>decurio</span> <span class='ocrx_word' id='word_1_279' title='bbox 1214 2483 1340 2521; x_wconf 92' lang='lat' dir='ltr'>bonus</span> 
     </span>
    </p>

    <p class='ocr_par' dir='ltr' id='par_1_27' title="bbox 1037 2545 1490 2835">
     <span class='ocr_line' id='line_1_80' title="bbox 1037 2545 1490 2587; baseline 0.009 -5"><span class='ocrx_word' id='word_1_280' title='bbox 1037 2551 1076 2583; x_wconf 90' lang='lat' dir='ltr'>et</span> <span class='ocrx_word' id='word_1_281' title='bbox 1094 2545 1216 2584; x_wconf 86' lang='lat' dir='ltr'>iustus</span> <span class='ocrx_word' id='word_1_282' title='bbox 1230 2567 1238 2576; x_wconf 92' lang='lat'><strong>·</strong></span> <span class='ocrx_word' id='word_1_283' title='bbox 1269 2545 1297 2567; x_wconf 85' lang='lat'>⁵¹</span> <span class='ocrx_word' id='word_1_284' title='bbox 1311 2547 1389 2585; x_wconf 94' lang='lat' dir='ltr'>Hic</span> <span class='ocrx_word' id='word_1_285' title='bbox 1410 2560 1490 2587; x_wconf 91' lang='lat' dir='ltr'>non</span> 
     </span>
     <span class='ocr_line' id='line_1_81' title="bbox 1038 2614 1384 2648; baseline 0.009 -3"><span class='ocrx_word' id='word_1_286' title='bbox 1038 2614 1285 2647; x_wconf 87' lang='lat' dir='ltr'>consenserat</span> <span class='ocrx_word' id='word_1_287' title='bbox 1308 2622 1384 2648; x_wconf 91' lang='lat' dir='ltr'>con</span> 
     </span>
     <span class='ocr_line' id='line_1_82' title="bbox 1038 2670 1418 2711; baseline 0.011 -4"><span class='ocrx_word' id='word_1_288' title='bbox 1038 2670 1120 2709; x_wconf 91' lang='lat' dir='ltr'>silio</span> <span class='ocrx_word' id='word_1_289' title='bbox 1141 2677 1178 2709; x_wconf 91' lang='lat' dir='ltr'>et</span> <span class='ocrx_word' id='word_1_290' title='bbox 1198 2672 1349 2710; x_wconf 90' lang='lat' dir='ltr'>actibus</span> <span class='ocrx_word' id='word_1_291' title='bbox 1370 2685 1418 2711; x_wconf 91' lang='lat' dir='ltr'>eo</span> 
     </span>
     <span class='ocr_line' id='line_1_83' title="bbox 1037 2734 1463 2774; baseline 0.009 -4"><span class='ocrx_word' id='word_1_292' title='bbox 1037 2745 1123 2771; x_wconf 90' lang='lat' dir='ltr'>rum</span> <span class='ocrx_word' id='word_1_293' title='bbox 1140 2754 1148 2763; x_wconf 95' lang='lat'><strong>·</strong></span> <span class='ocrx_word' id='word_1_294' title='bbox 1193 2735 1243 2772; x_wconf 90' lang='lat' dir='ltr'>ab</span> <span class='ocrx_word' id='word_1_295' title='bbox 1263 2734 1463 2774; x_wconf 85' lang='lat' dir='ltr'>arimathia</span> 
     </span>
     <span class='ocr_line' id='line_1_84' title="bbox 1037 2795 1399 2835; baseline 0.008 -2"><span class='ocrx_word' id='word_1_296' title='bbox 1037 2795 1189 2834; x_wconf 89' lang='lat' dir='ltr'>ciuitate</span> <span class='ocrx_word' id='word_1_297' title='bbox 1209 2797 1343 2835; x_wconf 87' lang='lat' dir='ltr'>iudeae</span> <span class='ocrx_word' id='word_1_298' title='bbox 1359 2819 1399 2828; x_wconf 89' lang='lat'>·—-</span> 
     </span>
    </p>

    <p class='ocr_par' dir='ltr' id='par_1_28' title="bbox 1037 2858 1398 2911">
     <span class='ocr_line' id='line_1_85' title="bbox 1037 2858 1398 2911; baseline 0.017 -17"><span class='ocrx_word' id='word_1_299' title='bbox 1037 2858 1102 2907; x_wconf 93' lang='lat' dir='ltr'>qui</span> <span class='ocrx_word' id='word_1_300' title='bbox 1122 2859 1237 2897; x_wconf 86' lang='lat' dir='ltr'>etiam</span> <span class='ocrx_word' id='word_1_301' title='bbox 1257 2872 1398 2911; x_wconf 87' lang='lat' dir='ltr'>exspec</span> 
     </span>
    </p>
   </div>
   <div class='ocr_carea' id='block_1_15' title="bbox 539 2911 1382 2971">
    <p class='ocr_par' dir='ltr' id='par_1_29' title="bbox 539 2911 1382 2971">
     <span class='ocr_line' id='line_1_86' title="bbox 539 2911 1382 2971; baseline 0.02 -26"><span class='ocrx_word' id='word_1_302' title='bbox 539 2916 577 2946; x_wconf 91' lang='lat' dir='ltr'>et</span> <span class='ocrx_word' id='word_1_303' title='bbox 590 2911 768 2950; x_wconf 87' lang='lat' dir='ltr'>tenebrae</span> <span class='ocrx_word' id='word_1_304' title='bbox 782 2912 903 2954; x_wconf 88' lang='lat' dir='ltr'>factae</span> <span class='ocrx_word' id='word_1_305' title='bbox 916 2923 1003 2955; x_wconf 82' lang='lat' dir='ltr'>sunt</span> <span class='ocrx_word' id='word_1_306' title='bbox 1037 2920 1143 2958; x_wconf 84' lang='lat' dir='ltr'>tabat</span> <span class='ocrx_word' id='word_1_307' title='bbox 1161 2933 1322 2971; x_wconf 88' lang='lat' dir='ltr'>regnum</span> <span class='ocrx_word' id='word_1_308' title='bbox 1343 2922 1382 2962; x_wconf 85' lang='lat' dir='ltr'>di</span> 
     </span>
    </p>
   </div>
   <div class='ocr_carea' id='block_1_16' title="bbox 1555 327 2479 1634">
    <p class='ocr_par' dir='ltr' id='par_1_30' title="bbox 1560 327 2479 943">
     <span class='ocr_line' id='line_1_87' title="bbox 1566 327 2427 379; baseline 0.003 -14"><span class='ocrx_word' id='word_1_309' title='bbox 1566 328 1595 349; x_wconf 80' lang='lat'>⁶²</span> <span class='ocrx_word' id='word_1_310' title='bbox 1610 327 1688 366; x_wconf 90' lang='lat' dir='ltr'>Hic</span> <span class='ocrx_word' id='word_1_311' title='bbox 1708 327 1872 367; x_wconf 87' lang='lat' dir='ltr'>accessit</span> <span class='ocrx_word' id='word_1_312' title='bbox 1891 327 1941 367; x_wconf 90' lang='lat' dir='ltr'>ad</span> <span class='ocrx_word' id='word_1_313' title='bbox 1959 328 2000 379; x_wconf 90' lang='lat' dir='ltr'>pi</span> <span class='ocrx_word' id='word_1_314' title='bbox 2071 335 2317 368; x_wconf 87' lang='lat' dir='ltr'>consternate</span> <span class='ocrx_word' id='word_1_315' title='bbox 2336 335 2427 368; x_wconf 88' lang='lat' dir='ltr'>sunt</span> 
     </span>
     <span class='ocr_line' id='line_1_88' title="bbox 1568 390 2460 441; baseline 0.004 -13"><span class='ocrx_word' id='word_1_316' title='bbox 1568 390 1689 429; x_wconf 87' lang='lat' dir='ltr'>latum</span> <span class='ocrx_word' id='word_1_317' title='bbox 1708 397 1745 428; x_wconf 91' lang='lat' dir='ltr'>et</span> <span class='ocrx_word' id='word_1_318' title='bbox 1765 390 1861 441; x_wconf 85' lang='lat' dir='ltr'>petit</span> <span class='ocrx_word' id='word_1_319' title='bbox 2070 391 2119 429; x_wconf 93' lang='lat' dir='ltr'>de</span> <span class='ocrx_word' id='word_1_320' title='bbox 2138 392 2212 432; x_wconf 89' lang='lat' dir='ltr'>isto</span> <span class='ocrx_word' id='word_1_321' title='bbox 2225 412 2235 422; x_wconf 91' lang='lat'><strong>·</strong></span> <span class='ocrx_word' id='word_1_322' title='bbox 2274 392 2326 430; x_wconf 90' lang='lat' dir='ltr'>Et</span> <span class='ocrx_word' id='word_1_323' title='bbox 2345 396 2460 433; x_wconf 52' lang='lat' dir='ltr'>ecce*r</span> 
     </span>
     <span class='ocr_line' id='line_1_89' title="bbox 1564 452 2443 503; baseline 0.002 -12"><span class='ocrx_word' id='word_1_324' title='bbox 1564 465 1704 503; x_wconf 91' lang='lat' dir='ltr'>corpus</span> <span class='ocrx_word' id='word_1_325' title='bbox 1723 453 1789 491; x_wconf 83' lang='lat' dir='ltr'>ihu</span> <span class='ocrx_word' id='word_1_326' title='bbox 1806 473 1815 483; x_wconf 90' lang='lat'><strong>·</strong></span> <span class='ocrx_word' id='word_1_327' title='bbox 1845 452 1874 474; x_wconf 81' lang='lat'>⁵³</span> <span class='ocrx_word' id='word_1_328' title='bbox 1889 452 1939 492; x_wconf 91' lang='lat' dir='ltr'>Et</span> <span class='ocrx_word' id='word_1_329' title='bbox 1958 452 2006 492; x_wconf 88' lang='lat' dir='ltr'>de</span> <span class='ocrx_word' id='word_1_330' title='bbox 2069 453 2148 492; x_wconf 89' lang='lat' dir='ltr'>duo</span> <span class='ocrx_word' id='word_1_331' title='bbox 2168 454 2237 492; x_wconf 90' lang='lat' dir='ltr'>uiri</span> <span class='ocrx_word' id='word_1_332' title='bbox 2256 461 2443 494; x_wconf 89' lang='lat' dir='ltr'>steterunt</span> 
     </span>
     <span class='ocr_line' id='line_1_90' title="bbox 1564 515 2429 565; baseline 0.003 -12"><span class='ocrx_word' id='word_1_333' title='bbox 1564 516 1734 565; x_wconf 89' lang='lat' dir='ltr'>positum</span> <span class='ocrx_word' id='word_1_334' title='bbox 1753 515 1858 554; x_wconf 83' lang='lat' dir='ltr'>illurn</span> <span class='ocrx_word' id='word_1_335' title='bbox 2068 528 2180 555; x_wconf 90' lang='lat' dir='ltr'>secus</span> <span class='ocrx_word' id='word_1_336' title='bbox 2200 516 2282 556; x_wconf 88' lang='lat' dir='ltr'>illas</span> <span class='ocrx_word' id='word_1_337' title='bbox 2301 517 2341 558; x_wconf 88' lang='lat' dir='ltr'>in</span> <span class='ocrx_word' id='word_1_338' title='bbox 2359 529 2429 556; x_wconf 92' lang='lat' dir='ltr'>ues</span> 
     </span>
     <span class='ocr_line' id='line_1_91' title="bbox 1564 578 2479 629; baseline 0.007 -13"><span class='ocrx_word' id='word_1_339' title='bbox 1564 578 1728 617; x_wconf 92' lang='lat' dir='ltr'>inuoluit</span> <span class='ocrx_word' id='word_1_340' title='bbox 1747 579 1787 616; x_wconf 90' lang='lat' dir='ltr'>in</span> <span class='ocrx_word' id='word_1_341' title='bbox 1806 578 1920 617; x_wconf 91' lang='lat' dir='ltr'>sindo</span> <span class='ocrx_word' id='word_1_342' title='bbox 2066 585 2103 618; x_wconf 89' lang='lat' dir='ltr'>te</span> <span class='ocrx_word' id='word_1_343' title='bbox 2123 579 2284 629; x_wconf 90' lang='lat' dir='ltr'>fulgenti</span> <span class='ocrx_word' id='word_1_344' title='bbox 2299 600 2308 610; x_wconf 93' lang='lat'><strong>·</strong></span> <span class='ocrx_word' id='word_1_345' title='bbox 2349 580 2362 601; x_wconf 83' lang='grc'>5</span> <span class='ocrx_word' id='word_1_346' title='bbox 2375 579 2479 622; x_wconf 82' lang='lat' dir='ltr'>Cum</span> 
     </span>
     <span class='ocr_line' id='line_1_92' title="bbox 1564 641 2420 691; baseline 0.007 -14"><span class='ocrx_word' id='word_1_347' title='bbox 1564 653 1654 679; x_wconf 91' lang='lat' dir='ltr'>nem</span> <span class='ocrx_word' id='word_1_348' title='bbox 1676 647 1714 680; x_wconf 88' lang='lat' dir='ltr'>et</span> <span class='ocrx_word' id='word_1_349' title='bbox 1733 641 1861 691; x_wconf 85' lang='lat' dir='ltr'>posuit</span> <span class='ocrx_word' id='word_1_350' title='bbox 1879 645 1929 681; x_wconf 75' lang='grc' dir='ltr'>εὖ</span> <span class='ocrx_word' id='word_1_351' title='bbox 2066 642 2244 680; x_wconf 89' lang='lat' dir='ltr'>timerent</span> <span class='ocrx_word' id='word_1_352' title='bbox 2263 648 2394 683; x_wconf 85' lang='lat' dir='ltr'>autem</span> <span class='ocrx_word' id='word_1_353' title='bbox 2410 664 2420 673; x_wconf 94' lang='lat'><strong>·</strong></span> 
     </span>
     <span class='ocr_line' id='line_1_93' title="bbox 1561 703 2382 744; baseline 0.004 -4"><span class='ocrx_word' id='word_1_354' title='bbox 1561 703 1601 740; x_wconf 92' lang='lat' dir='ltr'>in</span> <span class='ocrx_word' id='word_1_355' title='bbox 1622 710 1881 743; x_wconf 90' lang='lat' dir='ltr'>monumento</span> <span class='ocrx_word' id='word_1_356' title='bbox 2065 710 2102 742; x_wconf 92' lang='lat' dir='ltr'>et</span> <span class='ocrx_word' id='word_1_357' title='bbox 2122 703 2357 744; x_wconf 88' lang='lat' dir='ltr'>declinarent</span> <span class='ocrx_word' id='word_1_358' title='bbox 2369 705 2382 712; x_wconf 60' lang='lat'>⁹</span> 
     </span>
     <span class='ocr_line' id='line_1_94' title="bbox 1563 766 2395 817; baseline 0.004 -13"><span class='ocrx_word' id='word_1_359' title='bbox 1563 767 1695 805; x_wconf 86' lang='lat' dir='ltr'>exciso</span> <span class='ocrx_word' id='word_1_360' title='bbox 1735 766 1776 804; x_wconf 94' lang='lat' dir='ltr'>in</span> <span class='ocrx_word' id='word_1_361' title='bbox 1794 779 1876 817; x_wconf 93' lang='lat' dir='ltr'>quo</span> <span class='ocrx_word' id='word_1_362' title='bbox 1893 779 1974 806; x_wconf 92' lang='lat' dir='ltr'>non</span> <span class='ocrx_word' id='word_1_363' title='bbox 2063 767 2215 806; x_wconf 88' lang='lat' dir='ltr'>uultum</span> <span class='ocrx_word' id='word_1_364' title='bbox 2235 768 2275 806; x_wconf 92' lang='lat' dir='ltr'>in</span> <span class='ocrx_word' id='word_1_365' title='bbox 2295 771 2395 809; x_wconf 69' lang='lat' dir='ltr'>terra</span> 
     </span>
     <span class='ocr_line' id='line_1_95' title="bbox 1561 828 2421 880; baseline 0.005 -14"><span class='ocrx_word' id='word_1_366' title='bbox 1561 828 1655 866; x_wconf 91' lang='lat' dir='ltr'>dum</span> <span class='ocrx_word' id='word_1_367' title='bbox 1674 829 1879 880; x_wconf 87' lang='lat' dir='ltr'>quisquam</span> <span class='ocrx_word' id='word_1_368' title='bbox 2062 829 2251 868; x_wconf 87' lang='lat' dir='ltr'>Dixerunt</span> <span class='ocrx_word' id='word_1_369' title='bbox 2270 830 2320 869; x_wconf 89' lang='lat' dir='ltr'>ad</span> <span class='ocrx_word' id='word_1_370' title='bbox 2338 830 2421 871; x_wconf 86' lang='lat' dir='ltr'>illas</span> 
     </span>
     <span class='ocr_line' id='line_1_96' title="bbox 1560 892 2330 943; baseline 0.001 -13"><span class='ocrx_word' id='word_1_371' title='bbox 1560 892 1709 941; x_wconf 88' lang='lat' dir='ltr'>positus</span> <span class='ocrx_word' id='word_1_372' title='bbox 1729 899 1808 931; x_wconf 88' lang='lat' dir='ltr'>erat</span> <span class='ocrx_word' id='word_1_373' title='bbox 1824 913 1833 922; x_wconf 92' lang='lat'><strong>·</strong></span> <span class='ocrx_word' id='word_1_374' title='bbox 2061 892 2154 942; x_wconf 92' lang='lat' dir='ltr'>quid</span> <span class='ocrx_word' id='word_1_375' title='bbox 2174 893 2330 943; x_wconf 90' lang='lat' dir='ltr'>queritis</span> 
     </span>
    </p>

    <p class='ocr_par' dir='ltr' id='par_1_31' title="bbox 1555 953 2470 1634">
     <span class='ocr_line' id='line_1_97' title="bbox 1559 953 2365 995; baseline 0.001 -3"><span class='ocrx_word' id='word_1_376' title='bbox 1559 953 1589 975; x_wconf 70' lang='lat'>⁵⁴</span> <span class='ocrx_word' id='word_1_377' title='bbox 1601 961 1638 993; x_wconf 92' lang='lat' dir='ltr'>et</span> <span class='ocrx_word' id='word_1_378' title='bbox 1658 954 1740 993; x_wconf 92' lang='lat' dir='ltr'>dies</span> <span class='ocrx_word' id='word_1_379' title='bbox 1759 961 1841 994; x_wconf 90' lang='lat' dir='ltr'>erat</span> <span class='ocrx_word' id='word_1_380' title='bbox 1860 967 1980 995; x_wconf 85' lang='lat' dir='ltr'>cenae</span> <span class='ocrx_word' id='word_1_381' title='bbox 2059 955 2255 993; x_wconf 90' lang='lat' dir='ltr'>uiuentem</span> <span class='ocrx_word' id='word_1_382' title='bbox 2275 967 2365 995; x_wconf 88' lang='lat' dir='ltr'>cum</span> 
     </span>
     <span class='ocr_line' id='line_1_98' title="bbox 1560 1018 2453 1067; baseline 0.003 -12"><span class='ocrx_word' id='word_1_383' title='bbox 1560 1029 1680 1067; x_wconf 89' lang='lat' dir='ltr'>purae</span> <span class='ocrx_word' id='word_1_384' title='bbox 1720 1023 1758 1055; x_wconf 89' lang='lat' dir='ltr'>et</span> <span class='ocrx_word' id='word_1_385' title='bbox 1777 1018 1898 1056; x_wconf 87' lang='lat' dir='ltr'>sabba</span> <span class='ocrx_word' id='word_1_386' title='bbox 2059 1018 2224 1056; x_wconf 88' lang='lat' dir='ltr'>mortuis</span> <span class='ocrx_word' id='word_1_387' title='bbox 2267 1018 2280 1039; x_wconf 82' lang='lat'>⁶</span> <span class='ocrx_word' id='word_1_388' title='bbox 2292 1029 2374 1057; x_wconf 90' lang='lat' dir='ltr'>non</span> <span class='ocrx_word' id='word_1_389' title='bbox 2394 1025 2453 1058; x_wconf 89' lang='lat' dir='ltr'>est</span> 
     </span>
     <span class='ocr_line' id='line_1_99' title="bbox 1557 1078 2442 1123; baseline 0.003 -6"><span class='ocrx_word' id='word_1_390' title='bbox 1557 1085 1640 1118; x_wconf 92' lang='lat' dir='ltr'>tum</span> <span class='ocrx_word' id='word_1_391' title='bbox 1660 1080 1920 1120; x_wconf 89' lang='lat' dir='ltr'>inlucescebat</span> <span class='ocrx_word' id='word_1_392' title='bbox 2058 1078 2122 1118; x_wconf 93' lang='lat' dir='ltr'>hic</span> <span class='ocrx_word' id='word_1_393' title='bbox 2166 1080 2235 1119; x_wconf 91' lang='lat' dir='ltr'>sed</span> <span class='ocrx_word' id='word_1_394' title='bbox 2256 1081 2416 1123; x_wconf 76' lang='lat' dir='ltr'>surrexit</span> <span class='ocrx_word' id='word_1_395' title='bbox 2433 1102 2442 1112; x_wconf 93' lang='lat'><strong>·</strong></span> 
     </span>
     <span class='ocr_line' id='line_1_100' title="bbox 1557 1141 2391 1183; baseline 0.002 -3"><span class='ocrx_word' id='word_1_396' title='bbox 1557 1142 1587 1163; x_wconf 87' lang='grc'>55</span> <span class='ocrx_word' id='word_1_397' title='bbox 1601 1142 1836 1182; x_wconf 90' lang='lat' dir='ltr'>Subsecutae</span> <span class='ocrx_word' id='word_1_398' title='bbox 1855 1147 1943 1183; x_wconf 68' lang='lat' dir='ltr'>aute</span> <span class='ocrx_word' id='word_1_399' title='bbox 2059 1141 2391 1182; x_wconf 90' lang='lat' dir='ltr'>Rememoramini</span> 
     </span>
     <span class='ocr_line' id='line_1_101' title="bbox 1557 1205 2389 1254; baseline 0.005 -12"><span class='ocrx_word' id='word_1_400' title='bbox 1557 1205 1631 1243; x_wconf 90' lang='lat' dir='ltr'>due</span> <span class='ocrx_word' id='word_1_401' title='bbox 1650 1206 1828 1245; x_wconf 91' lang='lat' dir='ltr'>mulieres</span> <span class='ocrx_word' id='word_1_402' title='bbox 2058 1205 2219 1254; x_wconf 92' lang='lat' dir='ltr'>qualiter</span> <span class='ocrx_word' id='word_1_403' title='bbox 2237 1205 2389 1247; x_wconf 86' lang='lat' dir='ltr'>locutus</span> 
     </span>
     <span class='ocr_line' id='line_1_102' title="bbox 1557 1268 2348 1320; baseline 0.003 -14"><span class='ocrx_word' id='word_1_404' title='bbox 1557 1270 1657 1318; x_wconf 83' lang='lat' dir='ltr'>qu&#39;ae</span> <span class='ocrx_word' id='word_1_405' title='bbox 1678 1281 1767 1306; x_wconf 91' lang='lat' dir='ltr'>cum</span> <span class='ocrx_word' id='word_1_406' title='bbox 1787 1269 1872 1320; x_wconf 91' lang='lat' dir='ltr'>ipso</span> <span class='ocrx_word' id='word_1_407' title='bbox 1891 1281 1941 1308; x_wconf 90' lang='lat' dir='ltr'>ue</span> <span class='ocrx_word' id='word_1_408' title='bbox 2058 1274 2117 1306; x_wconf 88' lang='lat' dir='ltr'>est</span> <span class='ocrx_word' id='word_1_409' title='bbox 2131 1268 2244 1307; x_wconf 90' lang='lat' dir='ltr'>uobis</span> <span class='ocrx_word' id='word_1_410' title='bbox 2258 1277 2348 1308; x_wconf 86' lang='lat' dir='ltr'>cum</span> 
     </span>
     <span class='ocr_line' id='line_1_103' title="bbox 1556 1330 2467 1381; baseline 0.003 -13"><span class='ocrx_word' id='word_1_411' title='bbox 1556 1338 1694 1369; x_wconf 89' lang='lat' dir='ltr'>nerant</span> <span class='ocrx_word' id='word_1_412' title='bbox 1713 1331 1761 1369; x_wconf 93' lang='lat' dir='ltr'>de</span> <span class='ocrx_word' id='word_1_413' title='bbox 1780 1331 1918 1381; x_wconf 88' lang='lat' dir='ltr'>galilea</span> <span class='ocrx_word' id='word_1_414' title='bbox 1930 1353 1941 1362; x_wconf 87' lang='lat'><strong>·</strong></span> <span class='ocrx_word' id='word_1_415' title='bbox 2059 1330 2186 1368; x_wconf 92' lang='lat' dir='ltr'>adhuc</span> <span class='ocrx_word' id='word_1_416' title='bbox 2206 1331 2246 1369; x_wconf 93' lang='lat' dir='ltr'>in</span> <span class='ocrx_word' id='word_1_417' title='bbox 2266 1331 2406 1381; x_wconf 85' lang='lat' dir='ltr'>galilea</span> <span class='ocrx_word' id='word_1_418' title='bbox 2423 1343 2467 1371; x_wconf 91' lang='lat' dir='ltr'>es</span> 
     </span>
     <span class='ocr_line' id='line_1_104' title="bbox 1555 1393 2470 1446; baseline 0.005 -15"><span class='ocrx_word' id='word_1_419' title='bbox 1555 1393 1734 1432; x_wconf 91' lang='lat' dir='ltr'>uiderunt</span> <span class='ocrx_word' id='word_1_420' title='bbox 1753 1406 1875 1433; x_wconf 91' lang='lat' dir='ltr'>monu</span> <span class='ocrx_word' id='word_1_421' title='bbox 2059 1400 2116 1432; x_wconf 90' lang='lat' dir='ltr'>set</span> <span class='ocrx_word' id='word_1_422' title='bbox 2155 1393 2170 1414; x_wconf 84' lang='lat'>⁷</span> <span class='ocrx_word' id='word_1_423' title='bbox 2182 1393 2315 1433; x_wconf 90' lang='lat' dir='ltr'>dicens</span> <span class='ocrx_word' id='word_1_424' title='bbox 2329 1415 2338 1425; x_wconf 87' lang='lat'><strong>·</strong></span> <span class='ocrx_word' id='word_1_425' title='bbox 2378 1396 2470 1446; x_wconf 80' lang='lat' dir='ltr'>quia</span> 
     </span>
     <span class='ocr_line' id='line_1_105' title="bbox 1555 1456 2423 1508; baseline 0.003 -15"><span class='ocrx_word' id='word_1_426' title='bbox 1555 1462 1731 1494; x_wconf 90' lang='lat' dir='ltr'>mentum</span> <span class='ocrx_word' id='word_1_427' title='bbox 1747 1477 1756 1486; x_wconf 94' lang='lat'><strong>·</strong></span> <span class='ocrx_word' id='word_1_428' title='bbox 1797 1456 1848 1496; x_wconf 91' lang='lat' dir='ltr'>Et</span> <span class='ocrx_word' id='word_1_429' title='bbox 1866 1461 1942 1508; x_wconf 68' lang='lat' dir='ltr'>que</span> <span class='ocrx_word' id='word_1_430' title='bbox 2058 1463 2211 1506; x_wconf 86' lang='lat' dir='ltr'>oportet</span> <span class='ocrx_word' id='word_1_431' title='bbox 2231 1456 2351 1496; x_wconf 89' lang='lat' dir='ltr'>filium</span> <span class='ocrx_word' id='word_1_432' title='bbox 2370 1457 2423 1501; x_wconf 86' lang='lat' dir='ltr'>ho</span> 
     </span>
     <span class='ocr_line' id='line_1_106' title="bbox 2057 1519 2434 1561; baseline 0.016 -6"><span class='ocrx_word' id='word_1_433' title='bbox 2057 1519 2172 1557; x_wconf 90' lang='lat' dir='ltr'>minis</span> <span class='ocrx_word' id='word_1_434' title='bbox 2191 1520 2290 1558; x_wconf 88' lang='lat' dir='ltr'>tradi</span> <span class='ocrx_word' id='word_1_435' title='bbox 2308 1520 2349 1559; x_wconf 91' lang='lat' dir='ltr'>in</span> <span class='ocrx_word' id='word_1_436' title='bbox 2369 1533 2434 1561; x_wconf 84' lang='lat' dir='ltr'>ma</span> 
     </span>
     <span class='ocr_line' id='line_1_107' title="bbox 2055 1581 2440 1634; baseline 0.01 -15"><span class='ocrx_word' id='word_1_437' title='bbox 2055 1592 2129 1620; x_wconf 92' lang='lat' dir='ltr'>nus</span> <span class='ocrx_word' id='word_1_438' title='bbox 2148 1581 2349 1623; x_wconf 89' lang='lat' dir='ltr'>hominum</span> <span class='ocrx_word' id='word_1_439' title='bbox 2368 1596 2440 1634; x_wconf 84' lang='lat' dir='ltr'>pec</span> 
     </span>
    </p>
   </div>
   <div class='ocr_carea' id='block_1_17' title="bbox 1554 1518 1898 1633">
    <p class='ocr_par' dir='ltr' id='par_1_32' title="bbox 1554 1518 1898 1633">
     <span class='ocr_line' id='line_1_108' title="bbox 1554 1518 1871 1570; baseline 0.009 -14"><span class='ocrx_word' id='word_1_440' title='bbox 1554 1518 1766 1557; x_wconf 89' lang='lat' dir='ltr'>admodum</span> <span class='ocrx_word' id='word_1_441' title='bbox 1785 1520 1871 1570; x_wconf 88' lang='lat' dir='ltr'>posi</span> 
     </span>
     <span class='ocr_line' id='line_1_109' title="bbox 1554 1586 1898 1633; baseline 0.009 -15"><span class='ocrx_word' id='word_1_442' title='bbox 1554 1586 1637 1619; x_wconf 89' lang='lat' dir='ltr'>tum</span> <span class='ocrx_word' id='word_1_443' title='bbox 1657 1588 1738 1620; x_wconf 90' lang='lat' dir='ltr'>erat</span> <span class='ocrx_word' id='word_1_444' title='bbox 1756 1594 1898 1633; x_wconf 91' lang='lat' dir='ltr'>corpus</span> 
     </span>
    </p>
   </div>
   <div class='ocr_carea' id='block_1_18' title="bbox 2054 1671 2466 1901">
    <p class='ocr_par' dir='ltr' id='par_1_33' title="bbox 2054 1671 2466 1901">
     <span class='ocr_line' id='line_1_110' title="bbox 2055 1671 2464 1712; baseline 0.005 -4"><span class='ocrx_word' id='word_1_445' title='bbox 2055 1676 2232 1709; x_wconf 89' lang='lat' dir='ltr'>catorum</span> <span class='ocrx_word' id='word_1_446' title='bbox 2249 1691 2258 1701; x_wconf 92' lang='lat'><strong>·</strong></span> <span class='ocrx_word' id='word_1_447' title='bbox 2302 1678 2340 1710; x_wconf 91' lang='lat' dir='ltr'>et</span> <span class='ocrx_word' id='word_1_448' title='bbox 2358 1671 2464 1712; x_wconf 85' lang='lat' dir='ltr'>cruci</span> 
     </span>
     <span class='ocr_line' id='line_1_111' title="bbox 2054 1733 2466 1783; baseline 0.007 -12"><span class='ocrx_word' id='word_1_449' title='bbox 2054 1733 2122 1783; x_wconf 88' lang='lat' dir='ltr'>figi</span> <span class='ocrx_word' id='word_1_450' title='bbox 2164 1740 2201 1772; x_wconf 93' lang='lat' dir='ltr'>et</span> <span class='ocrx_word' id='word_1_451' title='bbox 2217 1734 2326 1775; x_wconf 85' lang='lat' dir='ltr'>tertia</span> <span class='ocrx_word' id='word_1_452' title='bbox 2344 1734 2466 1774; x_wconf 77' lang='lat' dir='ltr'>die-re</span> 
     </span>
     <span class='ocr_line' id='line_1_112' title="bbox 2055 1796 2401 1846; baseline 0.009 -12"><span class='ocrx_word' id='word_1_453' title='bbox 2055 1808 2210 1846; x_wconf 90' lang='lat' dir='ltr'>surgere</span> <span class='ocrx_word' id='word_1_454' title='bbox 2225 1817 2234 1827; x_wconf 93' lang='lat'><strong>·</strong></span> <span class='ocrx_word' id='word_1_455' title='bbox 2264 1797 2277 1818; x_wconf 80' lang='lat'>⁸</span> <span class='ocrx_word' id='word_1_456' title='bbox 2289 1796 2342 1836; x_wconf 88' lang='lat' dir='ltr'>Et</span> <span class='ocrx_word' id='word_1_457' title='bbox 2360 1810 2401 1837; x_wconf 79' lang='lat' dir='ltr'>re</span> 
     </span>
     <span class='ocr_line' id='line_1_113' title="bbox 2054 1859 2367 1901; baseline 0.003 -4"><span class='ocrx_word' id='word_1_458' title='bbox 2054 1859 2258 1898; x_wconf 89' lang='lat' dir='ltr'>memorati</span> <span class='ocrx_word' id='word_1_459' title='bbox 2278 1866 2367 1901; x_wconf 91' lang='lat' dir='ltr'>sunt</span> 
     </span>
    </p>
   </div>
   <div class='ocr_carea' id='block_1_19' title="bbox 1548 1669 2481 2974">
    <p class='ocr_par' dir='ltr' id='par_1_34' title="bbox 1548 1669 2481 2851">
     <span class='ocr_line' id='line_1_114' title="bbox 1555 1669 1911 1710; baseline 0.008 -3"><span class='ocrx_word' id='word_1_460' title='bbox 1555 1669 1636 1708; x_wconf 89' lang='lat' dir='ltr'>eius</span> <span class='ocrx_word' id='word_1_461' title='bbox 1650 1690 1659 1700; x_wconf 87' lang='lat'><strong>·</strong></span> <span class='ocrx_word' id='word_1_462' title='bbox 1689 1669 1718 1691; x_wconf 81' lang='grc'>55</span> <span class='ocrx_word' id='word_1_463' title='bbox 1729 1670 1782 1709; x_wconf 90' lang='lat' dir='ltr'>Et</span> <span class='ocrx_word' id='word_1_464' title='bbox 1800 1683 1911 1710; x_wconf 88' lang='lat' dir='ltr'>reuer</span> 
     </span>
     <span class='ocr_line' id='line_1_115' title="bbox 1554 1738 1933 1783; baseline 0.008 -13"><span class='ocrx_word' id='word_1_465' title='bbox 1554 1738 1678 1771; x_wconf 89' lang='lat' dir='ltr'>tentes</span> <span class='ocrx_word' id='word_1_466' title='bbox 1698 1741 1933 1783; x_wconf 87' lang='lat' dir='ltr'>parauerunt</span> 
     </span>
     <span class='ocr_line' id='line_1_116' title="bbox 1554 1802 1965 1847; baseline 0.007 -14"><span class='ocrx_word' id='word_1_467' title='bbox 1554 1803 1730 1834; x_wconf 90' lang='lat' dir='ltr'>aromata</span> <span class='ocrx_word' id='word_1_468' title='bbox 1750 1802 1788 1835; x_wconf 89' lang='lat' dir='ltr'>et</span> <span class='ocrx_word' id='word_1_469' title='bbox 1806 1808 1965 1847; x_wconf 86' lang='lat' dir='ltr'>unguen</span> 
     </span>
     <span class='ocr_line' id='line_1_117' title="bbox 1552 1857 1973 1911; baseline 0.007 -15"><span class='ocrx_word' id='word_1_470' title='bbox 1552 1864 1591 1896; x_wconf 90' lang='lat' dir='ltr'>ta</span> <span class='ocrx_word' id='word_1_471' title='bbox 1604 1879 1613 1888; x_wconf 92' lang='lat'><strong>·</strong></span> <span class='ocrx_word' id='word_1_472' title='bbox 1653 1857 1704 1896; x_wconf 91' lang='lat' dir='ltr'>Et</span> <span class='ocrx_word' id='word_1_473' title='bbox 1724 1859 1887 1898; x_wconf 88' lang='lat' dir='ltr'>sabbato</span> <span class='ocrx_word' id='word_1_474' title='bbox 1907 1860 1973 1911; x_wconf 90' lang='lat' dir='ltr'>qui</span> 
     </span>
     <span class='ocr_line' id='line_1_118' title="bbox 1552 1920 2388 1963; baseline 0.005 -4"><span class='ocrx_word' id='word_1_475' title='bbox 1552 1920 1642 1959; x_wconf 91' lang='lat' dir='ltr'>dem</span> <span class='ocrx_word' id='word_1_476' title='bbox 1661 1921 1845 1960; x_wconf 90' lang='lat' dir='ltr'>siluerunt</span> <span class='ocrx_word' id='word_1_477' title='bbox 2053 1922 2263 1961; x_wconf 90' lang='lat' dir='ltr'>uerborum</span> <span class='ocrx_word' id='word_1_478' title='bbox 2280 1923 2362 1963; x_wconf 90' lang='lat' dir='ltr'>eius</span> <span class='ocrx_word' id='word_1_479' title='bbox 2379 1945 2388 1954; x_wconf 91' lang='lat'><strong>·</strong></span> 
     </span>
     <span class='ocr_line' id='line_1_119' title="bbox 1551 1983 2453 2035; baseline 0.006 -14"><span class='ocrx_word' id='word_1_480' title='bbox 1551 1984 1766 2023; x_wconf 90' lang='lat' dir='ltr'>secundum</span> <span class='ocrx_word' id='word_1_481' title='bbox 1784 1985 1928 2024; x_wconf 91' lang='lat' dir='ltr'>manda</span> <span class='ocrx_word' id='word_1_482' title='bbox 2054 1983 2068 2004; x_wconf 83' lang='lat'><strong>⁹</strong></span> <span class='ocrx_word' id='word_1_483' title='bbox 2079 1984 2131 2023; x_wconf 91' lang='lat' dir='ltr'>Et</span> <span class='ocrx_word' id='word_1_484' title='bbox 2150 1997 2323 2035; x_wconf 88' lang='lat' dir='ltr'>regresse</span> <span class='ocrx_word' id='word_1_485' title='bbox 2343 1998 2367 2025; x_wconf 90' lang='lat' dir='ltr'>a</span> <span class='ocrx_word' id='word_1_486' title='bbox 2385 1998 2453 2026; x_wconf 87' lang='lat' dir='ltr'>mo</span> 
     </span>
     <span class='ocr_line' id='line_1_120' title="bbox 1550 2047 2382 2098; baseline 0.005 -15"><span class='ocrx_word' id='word_1_487' title='bbox 1550 2051 1634 2084; x_wconf 91' lang='lat' dir='ltr'>tum</span> <span class='ocrx_word' id='word_1_488' title='bbox 1648 2067 1656 2077; x_wconf 89' lang='lat'><strong>·</strong></span> <span class='ocrx_word' id='word_1_489' title='bbox 1687 2051 1757 2086; x_wconf 85' lang='lat'>24.</span> <span class='ocrx_word' id='word_1_490' title='bbox 1774 2047 1918 2098; x_wconf 91' lang='lat' dir='ltr'>¹prima</span> <span class='ocrx_word' id='word_1_491' title='bbox 1930 2051 2018 2088; x_wconf 68' lang='lat' dir='ltr'>aute</span> <span class='ocrx_word' id='word_1_492' title='bbox 2053 2054 2239 2087; x_wconf 88' lang='lat' dir='ltr'>numento</span> <span class='ocrx_word' id='word_1_493' title='bbox 2256 2060 2382 2088; x_wconf 90' lang='lat' dir='ltr'>renun</span> 
     </span>
     <span class='ocr_line' id='line_1_121' title="bbox 1552 2109 2447 2152; baseline 0.004 -4"><span class='ocrx_word' id='word_1_494' title='bbox 1552 2109 1702 2148; x_wconf 88' lang='lat' dir='ltr'>sabbati</span> <span class='ocrx_word' id='word_1_495' title='bbox 1721 2117 1913 2149; x_wconf 91' lang='lat' dir='ltr'>uenerunt</span> <span class='ocrx_word' id='word_1_496' title='bbox 2053 2111 2243 2149; x_wconf 90' lang='lat' dir='ltr'>tiauerunt</span> <span class='ocrx_word' id='word_1_497' title='bbox 2263 2111 2360 2151; x_wconf 91' lang='lat' dir='ltr'>haec</span> <span class='ocrx_word' id='word_1_498' title='bbox 2380 2125 2447 2152; x_wconf 92' lang='lat' dir='ltr'>om</span> 
     </span>
     <span class='ocr_line' id='line_1_122' title="bbox 1550 2172 2431 2224; baseline 0.006 -14"><span class='ocrx_word' id='word_1_499' title='bbox 1550 2172 1664 2211; x_wconf 86' lang='lat' dir='ltr'>ualde</span> <span class='ocrx_word' id='word_1_500' title='bbox 1678 2178 1855 2224; x_wconf 90' lang='lat' dir='ltr'>tempore</span> <span class='ocrx_word' id='word_1_501' title='bbox 2054 2173 2118 2211; x_wconf 89' lang='lat' dir='ltr'>nia</span> <span class='ocrx_word' id='word_1_502' title='bbox 2136 2174 2208 2212; x_wconf 91' lang='lat' dir='ltr'>illis</span> <span class='ocrx_word' id='word_1_503' title='bbox 2227 2175 2409 2214; x_wconf 88' lang='lat' dir='ltr'>undecim</span> <span class='ocrx_word' id='word_1_504' title='bbox 2423 2198 2431 2207; x_wconf 93' lang='lat'>-</span> 
     </span>
     <span class='ocr_line' id='line_1_123' title="bbox 1550 2235 2446 2278; baseline 0.006 -6"><span class='ocrx_word' id='word_1_505' title='bbox 1550 2235 1601 2273; x_wconf 91' lang='lat' dir='ltr'>ad</span> <span class='ocrx_word' id='word_1_506' title='bbox 1621 2240 1877 2275; x_wconf 77' lang='lat' dir='ltr'>monumentii</span> <span class='ocrx_word' id='word_1_507' title='bbox 2051 2242 2090 2274; x_wconf 91' lang='lat' dir='ltr'>et</span> <span class='ocrx_word' id='word_1_508' title='bbox 2110 2237 2245 2276; x_wconf 89' lang='lat' dir='ltr'>ceteris</span> <span class='ocrx_word' id='word_1_509' title='bbox 2264 2239 2446 2278; x_wconf 90' lang='lat' dir='ltr'>omnibus</span> 
     </span>
     <span class='ocr_line' id='line_1_124' title="bbox 1550 2297 2473 2349; baseline 0.009 -15"><span class='ocrx_word' id='word_1_510' title='bbox 1550 2304 1747 2347; x_wconf 90' lang='lat' dir='ltr'>portantes</span> <span class='ocrx_word' id='word_1_511' title='bbox 1767 2310 1866 2349; x_wconf 90' lang='lat' dir='ltr'>quae</span> <span class='ocrx_word' id='word_1_512' title='bbox 2051 2297 2080 2319; x_wconf 88' lang='lat'>¹⁰</span> <span class='ocrx_word' id='word_1_513' title='bbox 2093 2298 2187 2338; x_wconf 90' lang='lat' dir='ltr'>Erat</span> <span class='ocrx_word' id='word_1_514' title='bbox 2205 2306 2334 2340; x_wconf 89' lang='lat' dir='ltr'>autem</span> <span class='ocrx_word' id='word_1_515' title='bbox 2353 2303 2473 2342; x_wconf 87' lang='lat' dir='ltr'>maria</span> 
     </span>
     <span class='ocr_line' id='line_1_125' title="bbox 1550 2362 2471 2412; baseline 0.009 -16"><span class='ocrx_word' id='word_1_516' title='bbox 1550 2366 1784 2409; x_wconf 87' lang='lat' dir='ltr'>parauerunt</span> <span class='ocrx_word' id='word_1_517' title='bbox 1799 2374 1853 2400; x_wconf 92' lang='lat' dir='ltr'>un</span> <span class='ocrx_word' id='word_1_518' title='bbox 2051 2362 2306 2412; x_wconf 89' lang='lat' dir='ltr'>magdalenae</span> <span class='ocrx_word' id='word_1_519' title='bbox 2323 2384 2333 2394; x_wconf 93' lang='lat'><strong>·</strong></span> <span class='ocrx_word' id='word_1_520' title='bbox 2373 2372 2412 2404; x_wconf 92' lang='lat' dir='ltr'>et</span> <span class='ocrx_word' id='word_1_521' title='bbox 2432 2366 2471 2404; x_wconf 89' lang='lat' dir='ltr'>io</span> 
     </span>
     <span class='ocr_line' id='line_1_126' title="bbox 1550 2424 2425 2474; baseline 0.008 -14"><span class='ocrx_word' id='word_1_522' title='bbox 1550 2429 1695 2472; x_wconf 88' lang='lat' dir='ltr'>guenta</span> <span class='ocrx_word' id='word_1_523' title='bbox 1747 2430 1783 2462; x_wconf 91' lang='lat' dir='ltr'>et</span> <span class='ocrx_word' id='word_1_524' title='bbox 1803 2424 1960 2474; x_wconf 89' lang='lat' dir='ltr'>quidam</span> <span class='ocrx_word' id='word_1_525' title='bbox 2052 2424 2183 2463; x_wconf 90' lang='lat' dir='ltr'>hanna</span> <span class='ocrx_word' id='word_1_526' title='bbox 2198 2446 2207 2456; x_wconf 91' lang='lat'><strong>·</strong></span> <span class='ocrx_word' id='word_1_527' title='bbox 2247 2433 2285 2464; x_wconf 91' lang='lat' dir='ltr'>et</span> <span class='ocrx_word' id='word_1_528' title='bbox 2303 2428 2425 2468; x_wconf 86' lang='lat' dir='ltr'>maria</span> 
     </span>
     <span class='ocr_line' id='line_1_127' title="bbox 1551 2485 2419 2536; baseline 0.007 -13"><span class='ocrx_word' id='word_1_529' title='bbox 1551 2498 1641 2523; x_wconf 90' lang='lat' dir='ltr'>cum</span> <span class='ocrx_word' id='word_1_530' title='bbox 1661 2485 1755 2536; x_wconf 93' lang='lat' dir='ltr'>ipsis</span> <span class='ocrx_word' id='word_1_531' title='bbox 1797 2486 1875 2525; x_wconf 77' lang='grc' dir='ltr'>2Εῐ</span> <span class='ocrx_word' id='word_1_532' title='bbox 1893 2487 1984 2527; x_wconf 91' lang='lat' dir='ltr'>inue</span> <span class='ocrx_word' id='word_1_533' title='bbox 2051 2487 2175 2526; x_wconf 89' lang='lat' dir='ltr'>iacobi</span> <span class='ocrx_word' id='word_1_534' title='bbox 2214 2495 2252 2527; x_wconf 92' lang='lat' dir='ltr'>et</span> <span class='ocrx_word' id='word_1_535' title='bbox 2271 2495 2419 2530; x_wconf 85' lang='lat' dir='ltr'>ceterae</span> 
     </span>
     <span class='ocr_line' id='line_1_128' title="bbox 1550 2548 2459 2603; baseline 0.01 -18"><span class='ocrx_word' id='word_1_536' title='bbox 1550 2554 1689 2586; x_wconf 87' lang='lat' dir='ltr'>nerunt</span> <span class='ocrx_word' id='word_1_537' title='bbox 1708 2548 1878 2599; x_wconf 91' lang='lat' dir='ltr'>lapidem</span> <span class='ocrx_word' id='word_1_538' title='bbox 2053 2562 2152 2600; x_wconf 88' lang='lat' dir='ltr'>quae</span> <span class='ocrx_word' id='word_1_539' title='bbox 2173 2563 2262 2590; x_wconf 91' lang='lat' dir='ltr'>cum</span> <span class='ocrx_word' id='word_1_540' title='bbox 2281 2552 2376 2603; x_wconf 90' lang='lat' dir='ltr'>ipsis</span> <span class='ocrx_word' id='word_1_541' title='bbox 2395 2553 2459 2594; x_wconf 87' lang='lat' dir='ltr'>fue</span> 
     </span>
     <span class='ocr_line' id='line_1_129' title="bbox 1548 2610 2481 2657; baseline 0.011 -10"><span class='ocrx_word' id='word_1_542' title='bbox 1548 2610 1765 2649; x_wconf 88' lang='lat' dir='ltr'>reuolutum</span> <span class='ocrx_word' id='word_1_543' title='bbox 1785 2624 1808 2650; x_wconf 93' lang='lat' dir='ltr'>a</span> <span class='ocrx_word' id='word_1_544' title='bbox 1826 2624 1894 2652; x_wconf 93' lang='lat' dir='ltr'>mo</span> <span class='ocrx_word' id='word_1_545' title='bbox 2052 2620 2137 2652; x_wconf 91' lang='lat' dir='ltr'>rant</span> <span class='ocrx_word' id='word_1_546' title='bbox 2180 2614 2276 2654; x_wconf 88' lang='lat' dir='ltr'>haec</span> <span class='ocrx_word' id='word_1_547' title='bbox 2297 2615 2481 2657; x_wconf 89' lang='lat' dir='ltr'>dicebant</span> 
     </span>
     <span class='ocr_line' id='line_1_130' title="bbox 1549 2674 2469 2728; baseline 0.01 -17"><span class='ocrx_word' id='word_1_548' title='bbox 1549 2680 1738 2713; x_wconf 90' lang='lat' dir='ltr'>numento</span> <span class='ocrx_word' id='word_1_549' title='bbox 1779 2674 1934 2726; x_wconf 79' lang='lat' dir='ltr'>³ingres</span> <span class='ocrx_word' id='word_1_550' title='bbox 2051 2676 2100 2714; x_wconf 91' lang='lat' dir='ltr'>ad</span> <span class='ocrx_word' id='word_1_551' title='bbox 2121 2679 2322 2728; x_wconf 89' lang='lat' dir='ltr'>apostolos</span> <span class='ocrx_word' id='word_1_552' title='bbox 2338 2701 2348 2710; x_wconf 90' lang='lat'><strong>·</strong></span> <span class='ocrx_word' id='word_1_553' title='bbox 2377 2679 2405 2703; x_wconf 86' lang='lat'>¹¹</span> <span class='ocrx_word' id='word_1_554' title='bbox 2417 2681 2469 2720; x_wconf 90' lang='lat' dir='ltr'>Et</span> 
     </span>
     <span class='ocr_line' id='line_1_131' title="bbox 1550 2736 2414 2783; baseline 0.01 -9"><span class='ocrx_word' id='word_1_555' title='bbox 1550 2748 1591 2775; x_wconf 90' lang='lat' dir='ltr'>se</span> <span class='ocrx_word' id='word_1_556' title='bbox 1611 2743 1742 2775; x_wconf 90' lang='lat' dir='ltr'>autem</span> <span class='ocrx_word' id='word_1_557' title='bbox 1762 2749 1842 2776; x_wconf 91' lang='lat' dir='ltr'>non</span> <span class='ocrx_word' id='word_1_558' title='bbox 1861 2736 1905 2778; x_wconf 61' lang='lat' dir='ltr'>&#39;in</span> <span class='ocrx_word' id='word_1_559' title='bbox 2049 2739 2151 2778; x_wconf 89' lang='lat' dir='ltr'>uisse</span> <span class='ocrx_word' id='word_1_560' title='bbox 2172 2748 2260 2780; x_wconf 91' lang='lat' dir='ltr'>sunt</span> <span class='ocrx_word' id='word_1_561' title='bbox 2279 2749 2369 2783; x_wconf 87' lang='lat' dir='ltr'>ante</span> <span class='ocrx_word' id='word_1_562' title='bbox 2388 2744 2414 2782; x_wconf 92' lang='lat' dir='ltr'>il</span> 
     </span>
     <span class='ocr_line' id='line_1_132' title="bbox 1548 2802 2358 2851; baseline 0.01 -14"><span class='ocrx_word' id='word_1_563' title='bbox 1548 2805 1736 2839; x_wconf 90' lang='lat' dir='ltr'>uenerunt</span> <span class='ocrx_word' id='word_1_564' title='bbox 1755 2812 1895 2851; x_wconf 89' lang='lat' dir='ltr'>corpus</span> <span class='ocrx_word' id='word_1_565' title='bbox 2046 2802 2104 2842; x_wconf 89' lang='lat' dir='ltr'>los</span> <span class='ocrx_word' id='word_1_566' title='bbox 2124 2805 2222 2843; x_wconf 90' lang='lat' dir='ltr'>sicut</span> <span class='ocrx_word' id='word_1_567' title='bbox 2240 2805 2358 2845; x_wconf 84' lang='lat' dir='ltr'>delira</span> 
     </span>
    </p>

    <p class='ocr_par' dir='ltr' id='par_1_35' title="bbox 1550 2861 2328 2908">
     <span class='ocr_line' id='line_1_133' title="bbox 1550 2861 2328 2908; baseline 0.009 -8"><span class='ocrx_word' id='word_1_568' title='bbox 1550 2862 1616 2900; x_wconf 77' lang='lat' dir='ltr'>dni</span> <span class='ocrx_word' id='word_1_569' title='bbox 1635 2863 1701 2901; x_wconf 82' lang='lat' dir='ltr'>ihu</span> <span class='ocrx_word' id='word_1_570' title='bbox 1714 2884 1723 2894; x_wconf 86' lang='lat'><strong>·</strong></span> <span class='ocrx_word' id='word_1_571' title='bbox 1758 2861 1834 2901; x_wconf 69' lang='lat' dir='ltr'>*Et</span> <span class='ocrx_word' id='word_1_572' title='bbox 1854 2864 1958 2905; x_wconf 78' lang='lat' dir='ltr'>factfl</span> <span class='ocrx_word' id='word_1_573' title='bbox 2046 2874 2221 2907; x_wconf 87' lang='lat' dir='ltr'>mentum</span> <span class='ocrx_word' id='word_1_574' title='bbox 2258 2881 2328 2908; x_wconf 89' lang='lat' dir='ltr'>uer</span> 
     </span>
    </p>

    <p class='ocr_par' dir='ltr' id='par_1_36' title="bbox 1548 2926 2453 2974">
     <span class='ocr_line' id='line_1_134' title="bbox 1548 2926 2453 2974; baseline 0.008 -9"><span class='ocrx_word' id='word_1_575' title='bbox 1548 2932 1606 2965; x_wconf 91' lang='lat' dir='ltr'>est</span> <span class='ocrx_word' id='word_1_576' title='bbox 1624 2926 1717 2966; x_wconf 87' lang='lat' dir='ltr'>dum</span> <span class='ocrx_word' id='word_1_577' title='bbox 1737 2935 1869 2968; x_wconf 87' lang='lat' dir='ltr'>mente</span> <span class='ocrx_word' id='word_1_578' title='bbox 2047 2931 2098 2968; x_wconf 91' lang='lat' dir='ltr'>ba</span> <span class='ocrx_word' id='word_1_579' title='bbox 2117 2931 2188 2970; x_wconf 89' lang='lat' dir='ltr'>ista</span> <span class='ocrx_word' id='word_1_580' title='bbox 2231 2938 2270 2970; x_wconf 86' lang='lat' dir='ltr'>et</span> <span class='ocrx_word' id='word_1_581' title='bbox 2288 2945 2370 2974; x_wconf 87' lang='lat' dir='ltr'>non</span> <span class='ocrx_word' id='word_1_582' title='bbox 2390 2946 2453 2972; x_wconf 80' lang='lat' dir='ltr'>cre</span> 
     </span>
    </p>
   </div>
   <div class='ocr_carea' id='block_1_20' title="bbox 2108 217 2537 270">
    <p class='ocr_par' dir='ltr' id='par_1_37' title="bbox 2108 217 2537 270">
     <span class='ocr_line' id='line_1_135' title="bbox 2108 217 2537 270; baseline 0.005 -19"><span class='ocrx_word' id='word_1_583' title='bbox 2108 217 2467 270; x_wconf 66' lang='lat' dir='ltr'><strong>[XX111.35-XXIV.</strong></span> <span class='ocrx_word' id='word_1_584' title='bbox 2487 229 2537 254; x_wconf 74' lang='grc' dir='ltr'>ιι.</span> 
     </span>
    </p>
   </div>
   <div class='ocr_carea' id='block_1_21' title="bbox 2587 332 2850 390">
    <p class='ocr_par' dir='ltr' id='par_1_38' title="bbox 2587 332 2850 390">
     <span class='ocr_line' id='line_1_136' title="bbox 2587 332 2850 390; baseline -0.008 -19"><span class='ocrx_word' id='word_1_585' title='bbox 2587 335 2671 371; x_wconf 67' lang='grc' dir='ltr'>ποι.</span> <span class='ocrx_word' id='word_1_586' title='bbox 2683 335 2743 372; x_wconf 74' lang='lat' dir='ltr'>io.</span> <span class='ocrx_word' id='word_1_587' title='bbox 2831 332 2850 390; x_wconf 48' lang='lat' dir='ltr'>J</span> 
     </span>
    </p>
   </div>
   <div class='ocr_carea' id='block_1_22' title="bbox 2851 0 2872 3268">
    <p class='ocr_par' dir='ltr' id='par_1_39' title="bbox 2851 0 2872 3268">
     <span class='ocr_line' id='line_1_137' title="bbox 2851 0 2872 3268; baseline 0 0"><span class='ocrx_word' id='word_1_588' title='bbox 2851 0 2872 3268; x_wconf 95' lang='lat' dir='ltr'> </span> 
     </span>
    </p>
   </div>
  </div>
 </body>
</html>
