2872 3268
301 207 377 239 xx.
398 207 566 249 34-XX1.
586 203 656 246 κα]
1188 198 1225 235 L
1235 197 1405 237 UCAN
1415 217 1424 228 -
2231 208 2310 254 105

300 315 371 354 illis
390 316 451 355 ihs
467 336 476 346 ·
521 315 574 354 fili
594 314 708 353 huius

301 378 420 417 seculi
439 385 675 429 generantur

300 446 339 479 et
358 447 546 491 generant
566 462 575 471 ·
605 441 634 462 ³⁵
645 446 685 479 at

300 503 341 541 hi
360 504 425 554 qui
446 504 553 552 digni
573 503 703 542 haben

299 572 361 604 tur
380 566 499 605 seculi
518 566 630 605 huius
646 587 656 596 ·

299 635 339 667 et
358 629 584 668 resurrectio

98 323 182 357 ποι.
192 322 272 358 14¹7.
802 313 966 364 pedibus
978 314 1053 353 tuis
1069 334 1078 344 ·
1108 314 1138 335 ⁴⁴
1150 314 1181 353 si
1200 326 1241 352 er
2323 321 2406 353 1¹01.
2423 321 2505 351 148.

801 389 855 426 go
875 377 995 415 dauid
1015 377 1110 415 dr‘im
1132 377 1199 415 illu

800 445 917 478 uocat
963 439 1164 490 quomodo

800 513 895 552 ergo
917 501 1016 540 filius
1035 502 1118 541 eius

801 571 861 602 est
876 585 885 595 ·
903 586 911 594 ·
941 564 1174 603 ⁴⁵Audiente
1193 577 1244 603 au

802 633 882 665 tem
902 627 1009 665 omni
1028 627 1176 678 populo
1191 648 1201 658 ·

1338 326 1458 365 quem
1477 313 1608 353 habuit
1629 314 1730 353 misit

1409 394 1679 410 mmm

1840 321 1971 354 motus
1991 327 2183 365 magunus

1840 377 1911 417 erit
1929 390 1999 428 per
2015 378 2104 417 loca
2122 384 2159 416 et

1840 439 2081 490 pestilentiae
2101 447 2139 479 et
2157 440 2197 479 fa

1840 513 1925 541 mes
1939 523 1948 533 ·
1990 509 2101 541 erunt
2120 509 2222 542 terro

1839 577 1900 603 res
1920 577 2020 616 quae
2041 566 2089 605 de
2109 566 2195 605 celo
2212 587 2222 596 ·

1839 634 1878 666 et
1898 628 2010 678 signa
2028 625 2171 678 magna
2189 640 2212 667 e

1306 439 1327 463 *
1342 439 1356 460 ‘⁵
1369 439 1418 478 Et
1436 440 1669 491 quibusdam

1304 502 1326 527 *
1339 503 1553 542 dicentibus
1574 503 1621 542 de
1641 506 1678 542 te

1304 565 1326 590 *
1340 565 1406 616 plo
1426 565 1533 616 quod
1555 565 1672 616 lapidi

1305 627 1326 652 *
1340 629 1413 666 bus
1432 629 1544 667 bonis
1565 634 1602 667 et
1621 628 1673 667 do

298 692 360 730 nis
379 704 429 730 ex
448 692 608 730 mortuis
622 713 631 722 ·

299 765 426 805 neque
446 755 593 793 nubent
612 767 662 793 ne

299 829 376 867 que
396 817 539 856 ducent
559 829 638 855 uxo

299 891 360 918 res
374 900 383 909 ·
414 879 441 901 ³⁶
452 892 580 931 neque
599 885 663 918 eni

300 943 514 982 morientur
527 963 536 972 ·
577 955 670 981 nam

299 1011 390 1043 sunt
409 1005 551 1043 similes
571 1017 644 1054 age

298 1067 346 1106 lis
359 1087 368 1098 ·
412 1074 450 1106 et
470 1067 522 1105 fili
545 1074 633 1106 sunt
652 1067 691 1106 di

299 1130 390 1181 quia
402 1130 603 1169 resurrecti

299 1193 386 1231 onis
401 1193 466 1231 filii
486 1199 576 1232 sunt
592 1214 600 1223 ·

298 1255 329 1278 ⁸⁷
341 1260 436 1306 qum
455 1263 542 1294 uere
562 1268 671 1295 resur

300 1325 396 1369 gunt
415 1319 558 1358 mortui
573 1339 583 1349 ·

301 1380 464 1432 Moyses
484 1381 652 1420 ostendit

299 1446 400 1484 sicut
413 1445 509 1484 dixit
527 1444 621 1483 Uidi

299 1508 339 1546 in
359 1509 458 1547 rubo
478 1508 572 1546 dfim
591 1507 659 1546 dfn

299 1571 486 1610 abraham
505 1577 543 1609 et
561 1571 666 1610 isaac

299 1666 339 1698 et
352 1660 419 1699 dm
432 1660 544 1698 iacob
553 1680 562 1689 ·
575 1658 604 1680 ³⁸
617 1659 661 1697 d's'
673 1670 768 1709 ergo

300 1728 544 1761 mortuorum
564 1734 644 1760 non
664 1727 723 1760 est

301 1785 372 1824 sed
390 1785 568 1823 uiuorum
586 1805 594 1814 ·
636 1796 704 1823 om

301 1859 371 1901 nes
387 1847 491 1886 enim
514 1847 648 1885 uiuent
667 1846 769 1884 ei—

300 1909 603 1960 ⁸⁹Respondens
624 1915 754 1948 autem

299 1972 459 2023 quidam
478 1973 690 2011 scribarum

299 2036 407 2073 aiunt
426 2035 478 2073 illi
494 2056 503 2065 ·
530 2035 715 2085 magister

300 2098 400 2137 bene
419 2098 547 2136 dixisti
561 2118 570 2128 ·
599 2098 629 2118 ⁴⁰
641 2097 692 2135 Et
705 2110 769 2136 am

300 2160 400 2211 plius
420 2173 502 2199 non
521 2167 612 2199 sunt
631 2160 714 2199 ausi

300 2235 390 2262 eum
410 2223 623 2273 quidquam
643 2222 683 2261 in

299 2293 493 2336 tei-rogare
510 2306 519 2316 ·
538 2306 546 2316 ·

299 2348 329 2370 ⁴¹
340 2348 448 2387 Dixit
463 2354 593 2387 autem
613 2347 664 2387 ad
682 2347 768 2387 illos

300 2411 503 2462 quomodo
523 2411 657 2449 dicunt

300 2476 397 2523 xpm
416 2473 535 2511 filium
554 2473 672 2511 dauid

300 2548 387 2574 esse
403 2556 412 2566 ·
441 2533 471 2556 ⁴²
482 2535 533 2574 Et
552 2536 636 2585 ipse
652 2534 768 2573 dauid

302 2598 396 2636 dicit
412 2597 453 2636 in
470 2597 569 2636 libro
589 2598 675 2647 psal

301 2672 456 2699 morum
473 2680 482 2691 ·
525 2660 632 2698 Dixit

301 2723 376 2762 dr‘is
398 2723 480 2761 dr‘io
499 2734 589 2760 meo
609 2721 701 2760 sede

301 2785 351 2823 ad
370 2785 514 2823 dextris
532 2784 632 2823 meis

301 2847 330 2868 ⁴³
344 2847 470 2885 donec
489 2858 636 2897 ponam

301 2909 483 2949 inimicos
502 2915 590 2948 tuos
610 2909 683 2948 sub

802 689 908 727 Dixit
928 689 1125 740 discipulis
1145 702 1192 728 su

801 751 833 790 is
850 772 858 782 ·
888 752 917 773 ⁴⁶
929 752 1123 790 adtendite
1142 764 1165 790 a
1185 752 1257 790 scri

801 814 861 852 bis
881 815 946 864 qui
966 814 1100 853 uolunt
1120 826 1184 853 am

801 876 934 915 bulare
953 877 994 914 in
1013 877 1119 916 stolis
1135 898 1144 906 ·

801 944 840 976 et
855 945 988 977 amant
1007 939 1159 978 salutati

801 1013 899 1039 ones
918 1002 957 1039 in
977 1001 1062 1040 foro
1079 1022 1088 1032 ·
1129 1001 1180 1040 Et
1200 1002 1258 1053 pri

801 1075 887 1102 mas
907 1064 1110 1102 cathedras
1133 1064 1173 1102 in

802 1127 1013 1177 synagogis
1055 1147 1064 1157 ·
1077 1127 1128 1165 Et
1147 1127 1205 1178 pri

802 1201 889 1228 mos
909 1189 1120 1228 discubitos

801 1252 842 1289 in
861 1252 1050 1290 conuiuiis
1067 1273 1075 1282 ·
1106 1253 1135 1274 ⁴⁷
1147 1253 1213 1303 qui

801 1315 1049 1354 excusatione
1069 1315 1137 1353 lon

803 1389 854 1427 ga
873 1384 1027 1416 orantes
1042 1398 1051 1407 ·
1093 1378 1195 1417 deuo

802 1446 890 1479 rant
909 1440 1050 1479 domos
1068 1440 1106 1479 ui

803 1503 991 1541 duarum·
1031 1503 1070 1541 hi
1090 1516 1136 1542 ac

804 1566 947 1616 cipient
961 1566 1159 1605 damnatio

801 1666 894 1693 nem
915 1655 1103 1694 maiorem
1119 1676 1127 1685 ·
1147 1676 1155 1686 ·

802 1722 863 1756 21.
874 1716 1123 1768 ¹Respiciens
1138 1724 1267 1756 autem

800 1781 895 1818 uidit
915 1793 983 1819 eos
1003 1781 1069 1831 qui
1088 1781 1159 1819 mit

801 1844 933 1882 tebant
952 1856 1115 1882 munera

801 1906 842 1943 in
865 1906 1132 1956 gazofilacium

802 1969 974 2018 ipsorum
994 1968 1131 2007 diuites

803 2032 816 2053 ²
829 2031 880 2068 Et
897 2031 993 2069 uidit
1012 2030 1209 2081 quendam

801 2094 960 2132 uiduam
980 2106 1127 2144 pauper

803 2157 930 2195 culam
950 2157 1124 2195 mittente

802 2220 854 2257 ibi
875 2232 964 2258 aera
983 2220 1130 2258 minuta

803 2282 880 2321 duo
897 2303 906 2313 ·
936 2282 1013 2320 ³Et
1031 2283 1125 2321 dixit
1144 2282 1203 2320 ihs

802 2357 891 2384 uere
912 2346 1001 2384 dico
1025 2346 1137 2384 uobis
1154 2367 1162 2376 ·

801 2408 919 2446 uidua
937 2408 1010 2447 hec
1030 2421 1179 2459 pauper

803 2471 891 2509 cula
910 2471 997 2521 plus
1017 2483 1137 2521 quam
1157 2483 1225 2509 om

802 2546 873 2572 nes
884 2534 987 2572 misit
1000 2554 1008 2563 -
1035 2533 1050 2554 4
1061 2546 1152 2572 nam
1166 2545 1234 2572 om

802 2608 873 2634 nes
893 2596 932 2633 hi
951 2608 999 2634 ex
1020 2596 1204 2634 abundan

801 2658 854 2696 tia
876 2658 947 2696 sibi
967 2658 1154 2696 miserunt

799 2721 839 2758 in
860 2732 1020 2758 munera
1038 2719 1076 2757 di
1091 2740 1100 2749 ·
1142 2718 1231 2758 Hec

802 2790 932 2822 autem
951 2795 999 2820 ex
1020 2794 1068 2820 eo
1093 2782 1200 2832 quod

803 2846 911 2884 deest
930 2845 981 2883 illi
1003 2856 1164 2883 omnem

803 2908 950 2947 uictum
970 2918 1104 2946 suum·

1337 690 1396 728 nis
1416 697 1597 729 ornatum
1616 692 1664 730 sit

1337 752 1445 792 Dixit
1459 753 1517 792 ihs
1533 774 1542 783 ·
1573 754 1586 775 ⁶
1598 754 1694 792 haec
1714 753 1804 792 uide

1337 816 1384 854 tis
1422 817 1580 855 uenient
1599 817 1681 855 dies

1337 879 1377 916 in
1397 880 1536 929 quibus
1556 891 1636 918 non
1654 891 1696 918 re

1336 941 1528 991 linquetur
1545 942 1643 992 lapis

1339 1016 1456 1055 supra
1473 1004 1643 1055 lapidem
1661 1003 1724 1043 hic

1338 1067 1378 1104 in
1397 1068 1541 1117 pariete
1561 1067 1626 1117 qui
1649 1078 1731 1105 non

1339 1129 1556 1168 destruatur
1570 1150 1579 1159 ·
1609 1129 1624 1151 ⁷
1636 1129 1684 1167 In

1338 1198 1631 1242 terrogauerunt
1651 1203 1702 1230 au

1338 1260 1418 1292 tem
1437 1255 1543 1292 illum
1563 1255 1735 1293 dicentes

1339 1317 1547 1367 Preceptor
1565 1316 1722 1367 quando

1338 1380 1435 1419 haec
1456 1387 1567 1418 erunt
1609 1386 1646 1418 et
1665 1379 1766 1430 qu⁰d

1339 1443 1493 1493 signum
1513 1455 1603 1481 cum
1622 1443 1705 1481 futu

1338 1518 1380 1543 ra
1395 1511 1506 1544 erunt
1525 1505 1621 1545 haec
1639 1526 1648 1535 ·
1688 1506 1701 1526 ⁸
1715 1506 1776 1544 ille

1338 1574 1468 1607 autem
1492 1568 1586 1607 dixit
1602 1589 1611 1598 ·
1651 1568 1779 1608 uidete

1338 1669 1387 1695 ne
1407 1656 1645 1695 seducamini
1661 1678 1670 1687 -

1337 1719 1446 1757 multi
1465 1720 1571 1757 enim
1590 1719 1681 1757 ueni

1337 1789 1404 1820 ent
1421 1782 1461 1820 in
1480 1782 1638 1820 nomine
1658 1794 1748 1820 meo

1338 1844 1509 1883 dicentes
1533 1844 1640 1894 quod

1337 1919 1414 1957 ego
1435 1918 1522 1945 sum
1542 1910 1616 1956 xps
1635 1913 1673 1945 et
1691 1910 1729 1945 te

1338 1983 1411 2021 pus
1430 1969 1741 2020 adpropiauit—

1338 2033 1457 2071 nolite
1477 2044 1571 2082 ergo
1586 2032 1640 2070 ire

1338 2101 1427 2145 post
1445 2095 1530 2133 illos
1547 2116 1556 2124 ·
1587 2095 1600 2115 ⁹
1615 2094 1717 2133 Cum

1338 2165 1468 2196 autem
1487 2157 1655 2196 uideritis

1338 2220 1485 2270 proelia
1504 2227 1542 2258 et
1562 2219 1678 2258 auditi

1339 2295 1435 2322 ones
1450 2283 1671 2333 proelioru-

1340 2346 1458 2384 nolite
1478 2345 1611 2383 timere
1632 2365 1641 2375 ·

1341 2414 1495 2458 oportet
1514 2408 1619 2446 enim
1638 2407 1710 2446 hec

1340 2472 1508 2522 primum
1527 2471 1648 2509 fieri-

1342 2533 1412 2572 sed
1431 2546 1513 2572 non
1533 2534 1661 2571 statim
1680 2533 1706 2570 fi

1341 2596 1400 2634 nis
1420 2596 1459 2633 in
1479 2596 1550 2633 illis
1566 2616 1575 2625 ·
1604 2594 1634 2617 ¹⁰
1647 2594 1764 2634 Tunc

1342 2658 1495 2696 dicebat
1514 2658 1584 2696 illis
1628 2669 1692 2695 sur

1341 2727 1407 2769 get
1430 2731 1527 2770 gens
1547 2727 1684 2758 contra

1340 2788 1498 2832 gentem
1540 2787 1578 2820 et
1595 2794 1664 2832 reg

1340 2856 1434 2882 num
1448 2844 1632 2882 aduersus

1339 2918 1505 2958 regnum
1543 2905 1571 2927 ¹²
1585 2914 1622 2946 et
1643 2913 1740 2946 terre

1838 696 1929 728 runt
1971 697 2009 729 et
2027 697 2178 741 tempes

1838 758 1934 791 tates
1955 774 1964 783 ·
1982 775 1990 783 ·
2010 775 2017 784 ·
2047 752 2076 774 ²²
2090 753 2166 792 Sed
2186 760 2276 792 ante

1839 815 1911 854 hec
1930 817 2064 855 omnia
2083 817 2239 855 inicient

1839 878 1879 916 in
1898 890 1971 917 uos
1990 891 2131 918 manus
2151 891 2198 918 su

1838 952 1883 979 as
1922 947 1960 980 et
1979 954 2199 992 persequen

1839 1010 1900 1042 tur
1916 1025 1925 1034 ·
1965 1004 2162 1043 tradentur

1839 1066 1879 1104 in
1900 1066 2115 1117 synagogis
2134 1073 2173 1105 et
2191 1067 2231 1105 in

1839 1129 2036 1167 custodias
2053 1150 2062 1159 ·
2106 1129 2232 1168 ducen

1839 1197 1896 1229 tes
1916 1191 1967 1229 ad
1986 1204 2095 1242 reges
2115 1198 2152 1230 et
2171 1204 2241 1243 pre

1840 1254 1943 1292 sides
1963 1261 2121 1304 propter
2143 1267 2197 1293 no

1839 1329 1932 1355 men
1951 1329 2082 1355 meum
2123 1317 2150 1338 ¹³
2164 1316 2252 1356 Con

1839 1379 1961 1428 tinget
1981 1380 2084 1417 enim
2103 1380 2143 1417 in
2163 1386 2220 1418 tes

1837 1441 2040 1479 timonium
2059 1442 2171 1480 uobis

1839 1502 1868 1523 ²⁴
1881 1503 2019 1542 Ponite
2039 1515 2132 1554 ergo
2153 1504 2193 1543 in
2214 1515 2283 1543 cor

1841 1566 1951 1605 dibus
1970 1567 2105 1605 uestris

1838 1667 1920 1694 non
1939 1654 2184 1705 premeditari
2199 1675 2210 1685 ·

1838 1717 2170 1767 quemadmodum

1838 1779 2105 1830 respondeatis
2125 1800 2134 1810 ·
2165 1779 2193 1801 ¹⁵
2204 1791 2280 1830 ego

1839 1843 1945 1881 enim
1968 1842 2074 1880 dabo
2094 1842 2207 1881 uobis

1838 1917 1884 1943 os
1904 1911 1942 1943 et
1962 1905 2192 1954 sapientiam
2209 1925 2219 1936 ·

1839 1968 1900 2006 cui
1920 1979 2001 2005 non
2021 1973 2205 2018 poterunt

1838 2030 2013 2068 resistere
2053 2030 2171 2068 aduer

1840 2093 1928 2131 sarii
1948 2092 2066 2131 uestri
2082 2113 2090 2122 ·
2119 2091 2148 2113 ¹⁶
2162 2092 2244 2131 Tra.

1841 2155 1977 2193 dimini
1997 2155 2102 2193 enim
2123 2167 2146 2193 a
2165 2167 2217 2205 pa

1840 2218 2011 2256 rentibus
2025 2238 2034 2247 ·
2074 2224 2113 2256 et
2132 2217 2235 2256 fratri

1841 2281 1915 2318 bus
1929 2300 1938 2310 ·
1982 2287 2020 2318 et
2038 2293 2061 2319 a
2081 2280 2256 2329 cognatis
2272 2299 2282 2310 ·

1842 2348 1880 2381 et
1898 2342 2033 2381 amicis
2050 2363 2059 2372 ·
2100 2350 2137 2381 et
2157 2348 2284 2382 morte

1842 2405 2022 2443 adficient
2041 2417 2089 2443 ex
2108 2405 2222 2443 uobis
2236 2425 2246 2435 ·

1842 2466 1872 2488 ²⁷
1883 2467 1934 2505 Et
1954 2467 2055 2505 eritis
2075 2467 2166 2506 odio
2186 2467 2295 2506 omni

1842 2530 1913 2567 bus
1933 2528 2153 2568 hominibus
2173 2537 2266 2580 pr⁰p

1841 2598 1898 2630 ter
1917 2603 2065 2630 nomen
2084 2603 2218 2630 meum

1842 2652 1870 2674 ²⁸
1881 2653 1932 2692 Et
1952 2654 2114 2704 capillus
2129 2655 2267 2705 capitis

1842 2716 1958 2754 uestri
1977 2728 2059 2754 non
2078 2716 2215 2766 peribit
2228 2737 2238 2748 ·

1840 2776 1870 2799 ¹⁹
1884 2778 1925 2816 in
1943 2785 2070 2817 uestra
2087 2780 2272 2829 patientia
2283 2798 2295 2811 ι

1841 2840 2036 2890 adquiritis
2056 2841 2205 2880 animas

1841 2909 1988 2943 uestras
2004 2923 2013 2934 ·
2043 2901 2073 2924 ²⁰
2086 2903 2187 2943 Cum
2207 2907 2295 2943 aute·

2068 2987 2091 3014 ι»
