2872 3268
546 213 627 254 106

330 336 413 368 rol.
429 336 511 370 149.
540 333 708 372 uideritis
727 333 871 372 circum

541 396 623 434 dari
643 397 693 434 ab
713 396 883 434 exercitu

538 458 767 498 hierusalem
783 479 791 488 ·
831 466 924 497 tune

515 550 525 559 .
539 521 676 560 scitote
724 522 813 571 quia
832 521 881 559 ad

538 584 731 635 propiauit
750 584 881 622 desola

537 647 592 685 tio
612 647 694 684 eius
733 645 760 666 ²¹
774 653 864 684 tunc

537 710 603 759 qui
623 709 662 747 in
681 708 818 747 iudaea
837 715 926 747 sunt

536 771 683 821 fugiant
702 771 740 808 in
762 778 916 809 montes

535 833 586 873 Et
605 834 669 884 qui
688 834 728 870 in
747 833 875 871 medio
895 833 976 872 eius

535 896 735 935 discedant
780 902 816 934 et
836 896 901 945 qui

534 958 574 995 in
593 958 816 1007 regionibus
837 970 919 996 non

533 1021 672 1058 intrent
691 1020 730 1057 in
749 1032 837 1058 eam
950 1071 953 1073 ‚

532 1081 560 1103 ²2
572 1083 661 1133 quia
677 1083 758 1122 dies
776 1083 931 1121 ultionis

531 1146 570 1183 hi
591 1151 678 1183 sunt
695 1167 703 1175 ·
747 1151 788 1183 ut
807 1146 926 1196 imple

532 1215 617 1247 atur
636 1208 769 1246 omnia
788 1220 888 1258 quae

529 1272 670 1321 scripta
690 1277 779 1309 sunt

530 1332 558 1354 ²³
570 1333 655 1372 Uae
671 1333 742 1372 illis
757 1334 822 1384 qui
837 1334 876 1372 in
888 1340 997 1375 utero

527 1397 672 1435 habent
713 1402 750 1434 et
770 1397 835 1447 qui
854 1398 931 1436 ube

527 1472 570 1497 ra
590 1459 682 1498 dant
700 1458 740 1496 in
758 1459 829 1498 illis
849 1460 909 1500 die

527 1523 599 1561 bus
615 1544 624 1553 ·
665 1523 736 1561 erit
755 1523 860 1561 enim

526 1598 706 1637 pressura
723 1598 869 1637 magna

527 1685 643 1724 super
662 1681 801 1713 terram
818 1696 827 1704 ·

525 1743 562 1774 et
581 1737 636 1774 ira
654 1733 802 1787 populo
823 1736 909 1775 huic
938 1786 940 1789 .

525 1797 553 1820 ²⁴
565 1806 602 1838 et
623 1800 761 1838 cadent
776 1800 815 1837 in
836 1812 902 1838 ore
915 1800 979 1850 gla

525 1862 598 1900 dii·
639 1869 677 1900 et
697 1863 838 1913 captiui
858 1863 911 1900 du

524 1932 660 1963 centur
681 1926 721 1963 in
741 1926 922 1964 omnibus

523 1988 702 2037 gentibus
715 2009 724 2018 ·
769 1994 807 2026 et
827 1988 889 2026 hie

523 2051 690 2088 rusalem
710 2050 858 2089 calcabi

522 2119 582 2151 tur
601 2125 624 2151 a
644 2113 865 2151 nationibus
883 2134 891 2142 ·

521 2174 661 2214 Donec
676 2175 879 2225 impleatur
898 2178 935 2213 te

519 2250 617 2288 pora
629 2237 802 2288 gentium
816 2258 823 2266 ·

519 2298 600 2338 2Ἓῐ
611 2305 723 2339 erunt
734 2300 845 2349 signa
857 2300 896 2337 in
909 2299 990 2338 sole

520 2369 558 2401 et
577 2363 668 2401 luna
688 2369 726 2401 et
745 2362 863 2400 stellis
877 2383 885 2392 -

519 2432 557 2463 et
576 2426 615 2463 in
635 2425 742 2463 terris
762 2436 875 2474 praes

519 2499 607 2526 sura
621 2488 794 2538 gentium
812 2507 820 2516 ·

519 2562 611 2599 prae
631 2550 860 2588 confusione
881 2560 925 2587 so
956 2543 959 2546 ⁴

519 2612 619 2649 nitus
639 2613 755 2649 maris
774 2618 813 2649 et
832 2611 907 2649 flue

518 2680 628 2711 tuum
646 2694 654 2703 ·
684 2672 712 2694 ²⁶
728 2680 765 2711 et
788 2686 948 2712 arescen

519 2736 620 2772 tibus
639 2735 861 2774 hominibus

518 2808 585 2846 pre
606 2797 739 2834 timore
754 2818 763 2826 ·
805 2803 842 2835 et
862 2810 910 2835 ex

519 2858 756 2906 spectatione
776 2870 874 2908 quae

520 2920 760 2969 superueniet
781 2920 961 2958 uniuerso

850 2982 933 3019 orbi
950 3004 956 3011 ·
976 3004 984 3012 ·

1427 212 1586 254 SECD
1599 234 1608 243 ·
1649 210 1651 212 ’

1044 331 1146 370 Nam
1167 332 1324 370 uirtutes
1345 344 1415 371 cae

1042 395 1167 434 lorum
1183 395 1383 434 mouebun

1041 463 1100 496 tur
1116 478 1125 487 ·
1155 455 1231 496 ²⁷et
1250 463 1340 495 tunc
1364 457 1453 496 uide

1039 521 1136 558 bunt
1155 519 1275 558 filium
1295 520 1403 559 homi

1038 582 1098 620 nis
1112 582 1334 621 uenientem

1038 657 1129 683 cum
1149 645 1316 684 nubibus
1335 656 1425 683 cum

1039 713 1228 758 potestate
1248 719 1393 758 magna

1038 776 1076 808 et
1091 770 1289 809 maiestate
1306 791 1315 800 ·
1333 790 1341 799 ·

1037 830 1065 853 ²⁸
1078 831 1153 870 His
1172 838 1302 871 autem
1320 832 1402 871 fieri
1421 832 1461 870 in

1038 895 1265 945 cipientibus

1036 958 1268 1008 respirabitis
1288 964 1325 996 et
1345 958 1380 996 le

1035 1020 1174 1058 uabitis
1194 1020 1321 1070 capita
1339 1032 1409 1059 ues

1034 1089 1092 1121 tra
1106 1104 1115 1113 ·
1130 1130 1141 1135 -
1156 1086 1252 1134 qi‘im
1272 1083 1438 1134 adpropi

1034 1151 1073 1183 at
1092 1145 1280 1184 redemtio
1303 1152 1429 1184 uestra

1579 330 1708 370 ueniet
1727 331 1766 368 in
1786 342 1925 369 omnes

1579 394 1645 444 qui
1669 392 1804 431 sedent
1823 405 1937 444 super

1578 455 1718 494 faciem
1737 453 1866 494 omnis
1881 462 1937 495 ter

1578 531 1642 557 rae
1659 539 1667 548 -
1698 517 1904 569 ³⁸Uigilate
1923 519 1977 560 ita

1578 593 1652 632 que
1673 581 1780 620 omni
1803 587 1936 633 tempo

1578 656 1618 682 re
1638 650 1790 683 orantes
1828 651 1871 684 ut

1577 706 1682 756 digni
1701 706 1922 746 habeamini

1576 769 1747 819 effugere
1766 769 1838 808 ista
1857 781 1925 809 om

1577 831 1641 869 nia
1660 844 1735 883 que
1755 831 1881 871 futura

1576 900 1665 932 sunt
1703 901 1740 933 et
1761 895 1906 934 stabitis

1575 963 1664 995 ante
1685 957 1807 996 filium
1826 957 1934 996 homi

1673 1020 1879 1058 mnism

1540 1080 1559 1103 *
1575 1082 1604 1104 ⁸⁷
1616 1082 1708 1121 Erat
1726 1090 1856 1122 autem
1874 1083 1967 1123 inter

1539 1143 1558 1166 *
1575 1145 1640 1184 dio
1661 1146 1808 1184 docens
1827 1146 1867 1184 in

1032 1205 1061 1229 ²⁹
1074 1207 1125 1246 Et
1144 1208 1238 1246 dixit
1257 1208 1482 1258 parabolam
1538 1207 1557 1229 *
1574 1208 1722 1258 templo
1739 1229 1748 1238 ·
1792 1209 1942 1247 noctibs

1033 1271 1082 1309 ad
1102 1283 1171 1309 eos
1185 1291 1194 1301 ·
1234 1271 1361 1309 uidete
1381 1270 1407 1309 fi

1032 1333 1211 1372 culneam
1230 1339 1268 1372 et
1287 1345 1428 1372 omnes

1032 1396 1190 1435 arbores
1208 1417 1217 1426 ·
1246 1395 1277 1417 ³⁰
1288 1408 1377 1435 cum
1396 1408 1468 1446 pro

1031 1458 1251 1509 producunt
1270 1459 1348 1496 iarn
1368 1471 1417 1497 ex

1032 1533 1074 1559 se
1092 1520 1259 1559 fructum
1273 1542 1281 1551 ·
1328 1520 1391 1560 Sci

1030 1583 1078 1622 tis
1097 1588 1192 1635 qum
1211 1584 1290 1622 iam
1309 1596 1430 1634 prope

1029 1678 1088 1710 est
1100 1678 1242 1710 aestas·
1256 1671 1284 1693 ⁸¹
1293 1672 1351 1711 Ita
1363 1678 1401 1711 et
1415 1671 1486 1711 hec

1031 1746 1122 1773 cum
1141 1734 1307 1773 uideritis
1328 1735 1408 1773 fieri
1424 1756 1433 1765 ·

1033 1798 1167 1836 scitote
1187 1797 1294 1848 quod
1317 1810 1439 1848 prope

1032 1867 1088 1898 est
1107 1872 1270 1910 regnum
1291 1860 1352 1898 di-

1031 1921 1190 1960 ³²Amen
1199 1923 1286 1962 dico
1297 1922 1412 1962 uobis
1421 1924 1510 1975 quia

1031 1997 1114 2024 non
1134 1986 1329 2035 preteribit
1348 1998 1399 2035 ge

1032 2048 1178 2086 neratio
1200 2048 1273 2087 hec
1293 2048 1415 2087 donec

1032 2111 1164 2149 omnia
1183 2111 1278 2149 fiant
1294 2132 1303 2141 ·
1333 2111 1362 2132 ³⁸
1375 2111 1497 2151 Caelfl

1031 2180 1067 2210 et
1089 2175 1187 2212 terra
1206 2174 1379 2212 transibit

1029 2237 1146 2274 uerba
1166 2243 1292 2274 autem
1314 2249 1403 2275 mea

1030 2310 1112 2335 non
1135 2299 1350 2336 transibunt

1029 2360 1057 2380 ⁸⁴
1069 2360 1277 2399 Adtendite
1296 2367 1425 2399 autem
1446 2374 1497 2400 uo

1029 2423 1087 2460 bis
1107 2435 1157 2461 ne
1177 2422 1273 2461 forte
1293 2435 1440 2472 grauen

1027 2491 1086 2522 tur
1105 2485 1225 2524 corda
1244 2493 1373 2524 uestra
1391 2486 1431 2523 in

1026 2547 1183 2597 crapula
1203 2554 1240 2586 et
1259 2548 1363 2586 ebrie

1025 2616 1103 2648 tate
1120 2631 1128 2640 ·
1148 2631 1156 2640 ·
1198 2610 1248 2648 Et
1268 2611 1396 2661 cogita

1024 2673 1194 2712 tionibus
1211 2673 1414 2712 secularibs
1436 2690 1475 2701 ·-

1024 2742 1062 2773 et
1082 2736 1327 2785 superueniat
1346 2736 1385 2773 in

1025 2809 1096 2835 uos
1115 2798 1314 2847 repentina
1334 2798 1415 2836 dies

1025 2859 1087 2897 illa
1104 2880 1112 2889 ·
1142 2859 1172 2881 ³⁵
1187 2864 1385 2911 tamquam
1404 2861 1440 2899 la

1025 2933 1147 2971 queus
1167 2923 1271 2961 enim
1293 2935 1407 2973 super

1571 1283 1666 1309 uero
1686 1272 1925 1309 auocabatur

1570 1333 1611 1371 in
1631 1340 1765 1372 monte
1785 1334 1851 1384 qui
1869 1346 1921 1372 uo

1570 1402 1678 1434 catur
1697 1396 1827 1434 oliueti
1841 1417 1850 1427 -
1879 1396 1908 1418 ³⁸
1921 1396 1971 1435 Et

1570 1458 1698 1497 omnis
1717 1459 1885 1509 populus

1570 1521 1790 1560 manicabat
1810 1522 1859 1560 ad
1879 1526 1927 1561 εὖ

1569 1583 1609 1622 in
1629 1584 1776 1635 templo
1796 1584 1928 1624 audire
1949 1585 1975 1623 il

1569 1671 1651 1710 lum
1667 1693 1675 1702 ·
1692 1690 1700 1702 a
1715 1694 1724 1702 ·
1756 1677 1823 1711 22.
1843 1671 2039 1724 ¹Adpropi

1568 1735 1645 1773 auit
1665 1743 1795 1774 autem
1814 1736 1896 1775 dies
1916 1748 1986 1788 azy

1569 1808 1722 1835 morum
1765 1799 1831 1850 qui
1851 1799 1926 1838 dici

1568 1866 1629 1898 tur
1647 1861 1795 1911 pascha
1812 1882 1820 1891 ·
1852 1859 1926 1899 2Et
1947 1874 2022 1914 que

1569 1923 1704 1961 rebant
1723 1924 1917 1975 principes

1569 1986 1814 2026 sacerdotum
1835 1994 1872 2026 et

1570 2049 1717 2087 scribae
1737 2061 1885 2100 quomo

1569 2112 1621 2150 do
1641 2124 1731 2150 eum
1751 2112 1923 2152 interfice
1943 2163 1946 2166 Ι

1567 2181 1654 2212 rent
1686 2175 1872 2213 timebant

1567 2248 1660 2275 uero
1680 2237 1835 2287 plebem
1852 2258 1860 2267 ·
1873 2252 1902 2266 -’

1566 2298 1581 2319 ³
1593 2298 1752 2337 Intrauit
1772 2306 1902 2337 autem
1923 2311 1965 2338 sa

1565 2367 1676 2399 tanas
1697 2361 1736 2399 in
1757 2361 1891 2400 iudam

1565 2424 1631 2474 qui
1651 2424 1942 2473 cognominaba

1565 2492 1626 2523 tur
1645 2486 1810 2530 scarioth
1853 2498 1954 2525 unus

1564 2548 1613 2586 de
1632 2548 1840 2587 duodecim
1857 2569 1865 2579 ·
1884 2569 1892 2579 ·

1562 2610 1577 2631 ⁴
1591 2617 1628 2648 et
1648 2611 1740 2649 abiit
1761 2618 1798 2649 et
1818 2611 1974 2650 locutus

1563 2679 1621 2711 est
1641 2685 1732 2711 cum
1752 2674 1916 2724 principi

1563 2735 1635 2773 bus
1655 2736 1903 2775 sacerdotum

1563 2805 1600 2836 et
1620 2799 1756 2837 scribis
1796 2811 1914 2850 quem

1563 2860 1776 2899 admodum
1795 2862 1902 2900 illum

1562 2923 1726 2962 traderet
1744 2925 1799 2962 eis

2161 218 2273 262 [xxr.
2290 222 2472 256 ao-xxn.
2490 208 2547 265 15.*

2081 331 2094 351 '⁵
2106 337 2144 370 et
2162 330 2267 382 pacti
2287 338 2375 371 sunt
2393 344 2443 383 pe

2055 419 2059 421 μ
2079 394 2237 432 cuniam
2254 393 2305 432 illi
2325 394 2417 433 dare

2079 457 2092 478 ⁸
2104 455 2155 494 Et
2174 457 2358 507 querebat
2381 469 2481 508 opur

2079 519 2280 558 tunitatem
2299 526 2342 558 ut
2360 525 2418 558 tra

2079 581 2185 620 deret
2203 594 2294 620 eum
2312 582 2385 620 illis
2405 582 2437 620 si

2079 657 2128 683 ne
2148 644 2260 683 turba
2274 665 2283 674 ·
2313 644 2328 666 ⁷
2339 643 2458 683 Uenit

2079 713 2207 745 autem
2227 707 2310 746 dies
2330 718 2400 758 azy

2077 781 2233 808 morum
2274 769 2315 808 in
2327 781 2412 820 -qua

2079 844 2240 871 necesse
2259 839 2340 871 erat
2359 833 2413 871 im

2077 895 2213 933 molari
2232 896 2381 945 pascha
2396 916 2405 926 ·

2077 957 2090 978 ⁸
2103 957 2153 996 Et
2171 958 2274 997 misit
2292 965 2445 1009 petrum

2077 1027 2114 1059 et
2133 1020 2345 1059 iohannem
2365 1021 2502 1060 dicensv

2076 1089 2211 1121 euntes
2230 1090 2361 1134 parate
2381 1095 2435 1121 no

2076 1146 2135 1184 bis
2154 1146 2302 1196 pascha
2320 1152 2362 1184 ut
2381 1152 2471 1184 man

2076 1207 2265 1247 ducemus
2279 1231 2287 1239 ·
2304 1230 2312 1239 ·
2337 1206 2353 1229 ⁹
2364 1209 2416 1247 At
2436 1209 2488 1247 illi

2075 1270 2252 1309 dixerunt
2289 1271 2355 1310 ubi
2374 1272 2435 1310 uis

2075 1345 2257 1383 paremus
2273 1354 2282 1364 ·
2313 1334 2343 1355 ¹⁰
2353 1339 2391 1372 et
2411 1333 2506 1373 dixit

2074 1396 2146 1433 illis
2190 1409 2281 1435 ecce
2301 1397 2402 1435 intro

2074 1459 2253 1498 euntibus
2272 1459 2385 1498 uobis
2403 1459 2444 1497 in

2074 1521 2227 1560 ciuitate
2247 1526 2365 1561 occur

2073 1590 2132 1623 ret
2150 1585 2263 1623 uobis
2282 1585 2404 1624 homo

2073 1672 2265 1712 amforam
2285 1685 2384 1724 aque
2402 1685 2478 1724 por

2072 1742 2181 1775 tans·
2226 1737 2433 1786 sequimini
2452 1740 2502 1775 εὖ
2530 1782 2531 1785 ¹

2072 1799 2113 1837 in
2129 1799 2248 1838 domo
2268 1799 2308 1837 in
2327 1811 2407 1850 quo
2425 1799 2540 1838 intrat

2071 1860 2099 1882 ¹¹
2111 1868 2149 1900 et
2168 1861 2282 1900 dicite
2301 1861 2491 1912 patrifami

2071 1924 2144 1963 liae
2158 1945 2167 1954 -
2210 1923 2398 1974 Magister
2417 1924 2508 1963 dicit

2070 1987 2136 2025 ubi
2155 1993 2212 2025 est
2232 1987 2443 2028 diuersorifi

2070 2050 2137 2088 ubi
2156 2049 2303 2100 pascha
2322 2061 2413 2088 cum
2432 2049 2493 2088 dis

2071 2113 2207 2164 cipulis
2226 2113 2325 2151 meis
2344 2125 2437 2151 man

2071 2175 2234 2214 ducem·
2265 2175 2294 2196 ¹²
2306 2175 2356 2213 Et
2374 2175 2436 2214 ille
2455 2187 2510 2214 uo

2071 2238 2128 2276 bis
2148 2238 2325 2276 ostendet
2345 2250 2441 2288 supe

2069 2300 2209 2338 riorem
2228 2300 2359 2339 locum
2379 2307 2456 2339 stra

2068 2368 2150 2400 tum
2170 2374 2355 2412 magnum
2376 2363 2428 2401 ibi
2448 2375 2499 2413 pa

2067 2430 2147 2462 rate
2164 2445 2173 2454 ·
2203 2424 2231 2447 ¹³
2242 2425 2389 2463 Euntes
2409 2427 2498 2463 aute

2067 2487 2299 2526 inuenerunt
2342 2487 2438 2526 sicut

2067 2549 2162 2588 dixit
2181 2550 2254 2589 illis
2296 2557 2334 2589 et
2352 2563 2447 2601 para

2066 2619 2205 2651 uerunt
2224 2613 2351 2663 pacha
2367 2633 2376 2643 ·
2406 2613 2436 2635 ¹⁴
2449 2613 2501 2652 Et

2066 2687 2158 2713 cum
2177 2675 2279 2714 facta
2299 2682 2400 2714 esset
2419 2675 2515 2715 hora

2065 2738 2259 2776 discubuit
2299 2738 2349 2776 Et
2370 2739 2449 2777 duo

2065 2800 2192 2839 decim
2212 2801 2377 2851 apostoli
2396 2813 2488 2840 cum

2063 2863 2128 2902 illo
2150 2885 2160 2894 ·
2189 2862 2218 2884 ¹⁶
2229 2863 2281 2902 Et
2300 2864 2350 2902 ait
2365 2864 2435 2902 illis
2451 2863 2533 2904 desi

2065 2925 2172 2966 derio
2193 2926 2409 2965 desideraui

2562 336 2645 369 1⁶01.
2654 336 2742 370 150.

2863 560 2872 575 ,ι
2862 521 2872 549 a:
2861 402 2872 515 *za-&md
