2872 3268
549 188 629 230 118

334 311 417 343 ποι.
433 312 517 344 166.
546 306 770 358 Coeperunt
789 319 878 346 eum

544 376 587 408 ut
607 370 821 409 discederet
841 371 890 410 de

544 431 685 471 finibus
705 445 840 472 eorum
859 454 867 464 ·

542 495 570 517 ¹²³
584 494 686 534 Cum
706 508 805 546 quae
825 496 992 535 ascende

542 564 600 597 ret
619 570 759 596 nauem
800 570 871 597 coe

541 620 597 671 pit
616 621 722 659 illum
747 621 864 670 depre

540 683 619 721 cari
662 684 727 734 qui
746 690 766 710 ⁸⁵
785 682 968 722 demonio

539 751 703 784 uexatus
722 744 845 783 fuerat

538 813 582 845 ut
597 813 696 846 esset
715 819 805 846 cum
825 807 890 846 illo
903 827 912 837 ·
924 827 953 836 -

540 869 568 893 ¹⁹
581 871 648 908 Ihs
668 876 797 909 autem
816 882 898 909 non
918 869 968 909 ad

538 933 643 971 misit
661 944 751 971 eum
768 953 777 962 ·
822 932 892 971 sed

538 996 591 1034 ait
609 995 660 1034 illi
678 1017 686 1026 ·
715 995 817 1034 uade
837 995 878 1033 in
898 995 951 1034 do

537 1070 646 1097 mum
666 1064 772 1096 tuam
793 1058 844 1097 ad
862 1064 904 1096 tu

538 1133 584 1160 os
604 1127 642 1159 et
661 1121 850 1159 adnuntia
869 1120 895 1159 il

535 1183 580 1222 lis
599 1190 744 1234 quanta
758 1183 827 1223 tibi
842 1183 916 1223 dns

534 1246 667 1286 fecerit
706 1252 745 1285 et
762 1246 880 1286 miser

535 1315 595 1347 tus
608 1308 727 1348 {aas
737 1316 795 1348 est
814 1309 883 1348 tibi

533 1370 563 1392 ²⁰
574 1372 626 1410 Et
640 1372 732 1411 abiit
746 1378 783 1410 et
795 1373 921 1423 coepit
934 1384 1003 1424 pre

534 1434 664 1474 dicare
686 1435 726 1473 in
746 1434 898 1485 decapo

532 1497 558 1535 li
577 1503 724 1548 quanta
742 1497 814 1536 sibi
833 1497 871 1537 fe

533 1560 651 1601 cisset
669 1560 728 1599 ihs
742 1581 751 1591 ·
791 1560 845 1600 Et
863 1572 932 1600 om

533 1659 604 1687 nes
623 1647 862 1687 mirabantur
883 1669 892 1679 ·
906 1666 961 1683 »es

501 1707 521 1730 *
535 1709 564 1731 ²¹
575 1710 628 1749 Et
647 1723 737 1751 cum
752 1711 916 1752 transfre

502 1775 522 1797 *
536 1782 656 1816 tasset
676 1777 736 1816 ihs
754 1777 854 1817 ultra

501 1837 520 1860 *
535 1852 665 1879 rursus
686 1841 856 1879 conueni

501 1901 521 1924 *
534 1904 591 1941 nit
610 1903 722 1942 turba
740 1903 861 1942 multa

533 1966 585 2005 ad
605 1978 694 2006 eum
714 1966 816 2005 cirea
835 1979 943 2006 mare

533 2026 625 2067 ”Et
643 2029 749 2067 uenit
769 2029 928 2079 quidam

512 2137 518 2141 .
532 2091 864 2142 archisynagogus

533 2154 695 2192 nomine
709 2154 826 2192 iairus

532 2216 584 2254 Et
606 2223 648 2255 ut
666 2216 762 2255 uidit
780 2228 870 2254 eum
889 2228 961 2267 pro

534 2279 626 2317 cidit
645 2278 695 2318 ad
715 2278 837 2328 pedes
858 2279 941 2317 eius

533 2341 562 2363 2³
574 2354 719 2392 rogans
739 2354 830 2380 eum
849 2348 887 2381 et
902 2341 941 2380 di

533 2416 628 2443 cens
647 2408 742 2454 qum
759 2404 836 2443 filia

533 2478 623 2505 mea
642 2467 682 2505 in
702 2467 886 2506 extremis

533 2535 591 2567 est
604 2550 612 2559 ·
655 2528 759 2568 Ueni
778 2535 895 2580 tange

534 2603 621 2629 eam
641 2591 687 2630 de
711 2593 890 2631 manibus

533 2654 607 2692 tuis
645 2660 688 2692 ut
707 2655 814 2693 salua
834 2656 882 2694 sit

535 2722 574 2753 et
591 2716 698 2754 uiuat
710 2737 719 2746 ·
749 2717 779 2739 2⁴¹
790 2718 842 2756 Et
861 2718 954 2758 abiit

535 2789 625 2814 cum
645 2790 693 2816 eo
734 2786 771 2816 et
791 2792 908 2831 seque

535 2838 645 2876 batur
662 2851 751 2877 eum
771 2843 882 2881 turba

1456 189 1614 231 SECD
1636 213 1645 222 ·

1047 307 1175 346 illum·
1194 327 1203 336 ·
1221 327 1229 336 -
1259 304 1288 327 ²⁵
1299 306 1351 344 Et
1370 306 1464 344 muli

1046 381 1087 406 er
1107 380 1206 418 quae
1226 374 1307 407 erat
1325 368 1366 407 in

1047 430 1242 480 profluuio
1263 430 1401 481 sangui

1046 494 1106 531 nis
1125 493 1175 531 ab
1195 493 1307 532 annis
1327 493 1407 532 duo

1045 554 1172 593 decim
1186 576 1195 586 ·
1225 553 1253 578 ²⁶
1264 556 1385 596 multa

1043 629 1159 667 passa
1178 624 1259 657 erat
1277 631 1301 657 a
1320 631 1398 658 con

1043 677 1214 730 pluribus
1234 682 1392 721 medicis
1409 703 1418 713 ·

1042 749 1080 782 et
1102 751 1347 794 errogauerat

1041 806 1175 845 omnia
1194 818 1264 845 sua
1303 820 1376 847 nec

1041 868 1256 919 quidquam
1275 870 1384 920 profe

1041 938 1147 971 cerat
1184 932 1254 972 sed
1273 932 1361 972 dete

1040 995 1120 1033 rius
1139 995 1309 1035 habebat
1322 1017 1331 1026 ·
1344 1019 1399 1027 -

1041 1055 1070 1079 ²⁷
1082 1057 1227 1097 Audito
1248 1058 1296 1097 de
1316 1059 1383 1099 ihu
1402 1072 1452 1100 ue

1039 1120 1096 1158 nit
1115 1126 1215 1159 retro
1235 1127 1274 1160 et
1295 1122 1380 1172 tigit

1037 1184 1313 1223 uestimentum
1331 1186 1414 1225 eius

1038 1246 1138 1284 inter
1157 1248 1270 1286 turba
1308 1247 1337 1270 ²⁸
1349 1248 1484 1289 dicens

1038 1309 1138 1348 intra
1157 1322 1221 1349 se·
1263 1311 1296 1350 si
1315 1311 1378 1351 uel

1038 1368 1275 1417 uestimenta
1286 1374 1370 1414 eius

1038 1436 1200 1486 tetigero
1219 1437 1328 1476 salua
1345 1450 1367 1476 e

1038 1511 1082 1538 ro
1098 1519 1107 1529 ·
1125 1520 1134 1529 ·
1152 1519 1161 1529 ·
1190 1499 1220 1521 ²⁹
1230 1499 1282 1539 Et
1302 1500 1468 1541 confesti

1039 1561 1203 1600 siccatus
1223 1569 1280 1601 est
1295 1561 1385 1602 fons

1038 1650 1239 1700 sanguinis
1258 1651 1340 1690 eius
1357 1672 1366 1682 ·

1038 1718 1076 1751 et
1095 1714 1213 1751 sensit
1232 1714 1386 1764 corpori

1039 1775 1147 1825 quod
1165 1782 1302 1815 sanata
1320 1783 1422 1816 esset

1038 1850 1062 1876 a
1080 1837 1197 1889 plaga
1213 1859 1222 1869 ·
1252 1839 1281 1860 3⁰
1293 1851 1423 1890 cogno

1038 1901 1092 1939 uit
1111 1907 1241 1941 autem
1260 1908 1298 1943 et
1311 1902 1370 1941 ihs

1040 1965 1219 2004 uirtutem
1240 1977 1338 2017 quae
1359 1966 1422 2005 exi

1038 2033 1120 2066 erat
1140 2027 1188 2067 de
1208 2041 1250 2067 se
1264 2049 1273 2059 ·
1318 2035 1357 2067 et
1376 2041 1452 2068 con

1036 2102 1171 2130 uersus
1190 2091 1241 2129 ad
1259 2092 1371 2132 turba

1036 2153 1089 2191 ait
1115 2154 1200 2204 quis
1219 2155 1342 2204 tetigit

1034 2216 1263 2255 uestimenta
1282 2229 1371 2256 mea
1385 2238 1394 2248 ·

1035 2276 1063 2298 ³¹
1076 2277 1252 2328 discipuli
1273 2286 1402 2318 autem

1033 2340 1133 2379 illius
1153 2341 1286 2380 dicunt
1303 2342 1339 2380 ei

1034 2403 1145 2441 uides
1163 2404 1316 2442 turbam

1035 2466 1347 2516 conprimentem

1033 2534 1070 2566 te
1108 2534 1146 2567 et
1164 2528 1260 2567 dicis
1279 2530 1365 2580 quis

1034 2603 1098 2630 me
1118 2592 1238 2642 tetigit
1251 2612 1260 2622 ·
1294 2590 1324 2613 ³²
1335 2599 1374 2631 et
1388 2606 1449 2632 eff

1034 2653 1365 2705 circumspiciebat

1033 2716 1163 2756 uidere
1182 2717 1268 2768 quis
1287 2717 1364 2757 hoc

1034 2778 1175 2818 fecerat
1216 2780 1245 2802 33
1257 2781 1407 2820 etmuli

1034 2854 1075 2880 er
1095 2843 1237 2882 timens
1256 2855 1303 2882 ac
1322 2850 1377 2884 tre

534 2900 670 2939 multa·
690 2902 741 2940 Et
747 2904 1024 2953 conprimebant
1034 2917 1146 2945 mens
1160 2906 1324 2958 procidit

1584 311 1673 344 ante
1692 305 1799 344 illum
1841 312 1880 345 et
1898 306 1964 345 dix

1583 367 1611 406 it
1630 368 1736 419 quod
1754 367 1900 407 factum

1583 436 1641 469 est
1656 451 1665 461 ·
1695 431 1724 452 ³⁴¹
1736 431 1795 470 ihs
1813 443 1908 470 uero
1927 431 1992 471 dix

1582 492 1610 530 it
1628 493 1663 531 ei
1703 500 1868 533 contans
1887 500 1971 533 esto
1984 515 1994 525 ·

1582 554 1658 593 filia
1699 555 1794 595 fides
1813 562 1879 596 tua
1897 562 1935 596 te

1582 617 1726 656 saluam
1748 618 1837 658 fecit
1877 631 1928 660 ua

1580 679 1628 718 de
1647 680 1688 718 in
1707 693 1804 731 pace
1864 682 1916 721 Et
1931 689 2015 724 esto

1579 754 1676 781 sana
1696 756 1719 782 a
1737 744 1854 795 plaga
1871 751 1939 784 tua
1954 765 1964 776 ·

1577 804 1607 826 ³⁵
1618 805 1669 844 Et
1687 806 1814 846 adhuc
1832 819 1881 846 eo
1900 808 2046 859 loquen

1577 874 1614 906 te
1627 889 1636 898 ·
1680 869 1841 908 ueniunt
1859 869 1910 909 ad

1577 929 1891 983 archisynagogo

1578 992 1750 1032 dicentes
1791 995 1884 1046 quia

1577 1055 1655 1094 filia
1673 1062 1739 1095 tua
1756 1065 1911 1096 mortua

1577 1124 1635 1157 est
1677 1119 1771 1169 quid
1789 1120 1868 1159 iam
1885 1132 1961 1160 uex

1576 1192 1640 1220 sas
1658 1182 1888 1232 magistrum
1905 1203 1914 1213 ·
1926 1205 1982 1211 —

1574 1243 1603 1264 33
1617 1243 1684 1282 Ihs
1704 1251 1833 1283 autem
1852 1246 1985 1286 audito

1575 1305 1652 1344 hoc
1671 1307 1793 1346 uerbo
1836 1308 1888 1346 ait

1575 1367 1891 1420 archisynagogo
1905 1391 1915 1400 ·

1574 1431 1655 1470 noli
1673 1431 1807 1470 timere

1574 1494 1851 1534 tuntummodo

1575 1556 1688 1596 crede
1702 1577 1711 1587 ·
1741 1556 1771 1579 ³⁷
1781 1557 1834 1596 Et
1853 1569 1935 1597 non
1955 1556 2006 1597 ad

1574 1645 1677 1684 misit
1696 1657 1935 1696 quemquam

1575 1708 1684 1758 sequi
1704 1720 1745 1747 se
1785 1708 1860 1747 nisi
1878 1721 1928 1759 pe

1575 1785 1676 1818 trum
1695 1785 1733 1818 et
1751 1779 1893 1818 iacobi-1
1907 1802 1963 1808 —

1574 1848 1612 1881 et
1631 1841 1842 1880 iohannem
1862 1841 1920 1881 fra

1574 1910 1672 1945 trem
1691 1905 1818 1944 iacobi
1829 1926 1884 1933 —

1573 1967 1602 1989 33
1613 1966 1664 2005 Et
1683 1967 1845 2006 ueniunt
1860 1968 1900 2006 in
1920 1967 2042 2007 domfi

1574 2029 1941 2081 archisynagogi—-

1573 2093 1624 2132 Et
1643 2093 1775 2132 uident
1793 2094 1947 2132 turbam

1575 2155 1732 2194 flentem
1771 2162 1810 2195 et
1828 2156 1958 2195 lamen

1573 2224 1721 2257 tantem
1741 2218 1905 2256 multum
1918 2238 1929 2248 ·

1571 2280 1600 2302 33
1611 2281 1664 2319 Et
1682 2281 1879 2330 ingressus
1899 2280 1951 2319 ait

1571 2342 1664 2394 quid
1683 2343 1889 2381 turbamini

1571 2411 1609 2444 et
1628 2405 1721 2456 quid
1740 2405 1966 2455 ploratis-

1570 2467 1698 2518 puella
1717 2479 1799 2506 non
1819 2473 1878 2506 est

1571 2537 1724 2569 mortua
1743 2542 1784 2569 se
1803 2530 1946 2570 dormit
2004 2581 2008 2585 ⁸

1571 2593 1601 2615 ⁴⁰
1615 2593 1667 2631 At
1686 2593 1739 2631 illi
1757 2593 1981 2633 deridebant

1570 2668 1660 2694 eum
1677 2677 1685 2686 ·
1702 2677 1709 2687 ·
1729 2677 1738 2687 -
1769 2656 1859 2707 Ipse
1878 2669 1972 2696 uero

1571 2718 1693 2757 eiecta
1711 2719 1823 2757 turba
1841 2718 1883 2758 fo

1570 2782 1622 2820 ris
1643 2802 1651 2812 ·
1695 2782 1875 2821 adsumto

1570 2851 1679 2896 patre
1699 2851 1737 2884 et
1751 2851 1874 2884 matre

1570 2908 1717 2958 puellae
1734 2929 1743 2938 ·
1787 2914 1825 2946 et
1843 2920 1911 2948 eos
1930 2908 1997 2959 qm·

2296 197 2355 239 [v.
2372 199 2501 242 17—V1.
2520 209 2551 241 3.

2087 319 2220 346 secum
2239 313 2348 347 erant
2363 328 2372 339 ·
2391 329 2399 338 ·

2085 369 2237 408 Introiit
2254 371 2320 409 ubi
2339 377 2420 409 erat

2084 432 2211 482 puella
2229 433 2359 473 iacens
2375 454 2384 464 ·

2083 494 2111 516 ⁴¹
2124 494 2174 532 Et
2192 501 2327 535 tenens
2345 507 2507 535 manum

2081 557 2163 595 eius
2182 564 2220 596 et
2238 558 2290 597 ait
2308 558 2360 597 illi
2375 579 2383 589 ·

2082 619 2243 659 thalitha
2263 621 2368 660 cumi

2082 683 2189 733 quod
2208 690 2267 722 est
2285 684 2453 735 interpre

2080 750 2203 784 tatum
2243 746 2370 797 puella
2387 746 2415 785 ti

2081 808 2119 846 bi
2139 807 2227 847 dico
2246 820 2413 859 exsurge
2426 829 2436 839 ·

2081 868 2110 890 42
2121 870 2171 909 Et
2191 870 2396 910 confestim
2416 884 2466 911 ex

2081 933 2243 972 surrexit
2262 934 2391 984 puella

2080 1001 2118 1033 et
2137 996 2359 1035 ambulabat

2078 1057 2174 1097 Erat
2193 1065 2320 1098 autem
2341 1071 2447 1098 anno

2079 1133 2166 1159 rum
2188 1121 2397 1161 duodecim
2412 1143 2422 1153 ·

2079 1183 2131 1222 Et
2150 1184 2423 1235 obstipuerunt

2079 1257 2218 1284 omnes
2234 1252 2392 1297 stupore

2079 1319 2226 1358 magno
2241 1330 2250 1339 -
2279 1309 2308 1331 ⁴⁸
2320 1310 2374 1349 Et
2392 1321 2462 1360 pre

2079 1371 2180 1420 cepit
2199 1371 2271 1411 illis
2291 1378 2335 1412 ut
2353 1384 2406 1411 ne

2078 1444 2146 1474 mo
2166 1434 2278 1473 sciret
2314 1434 2367 1474 Et
2385 1434 2452 1474 dix

2077 1495 2106 1533 it
2125 1495 2206 1535 dari
2225 1497 2278 1535 illi
2296 1498 2444 1537 mandu

2078 1570 2168 1598 care
2185 1581 2193 1590 ·
2209 1581 2217 1591 ·
2233 1581 2242 1590 -
2284 1565 2325 1601 6.
2339 1560 2415 1600 ¹Et
2433 1573 2545 1613 egres

2078 1659 2144 1687 sus
2161 1648 2253 1687 inde
2294 1649 2387 1689 abiit
2406 1650 2447 1689 in

2077 1711 2243 1762 patriam
2264 1723 2376 1752 suam
2391 1733 2409 1745 ι

2078 1779 2115 1812 et
2136 1775 2389 1824 sequebantur
2406 1779 2457 1816 eu

2078 1835 2254 1887 discipuli
2272 1838 2354 1877 eius
2368 1858 2378 1868 -

2077 1896 2153 1936 ²Et
2172 1899 2233 1939 die
2253 1901 2417 1939 sabbato
2437 1912 2511 1940 coe

2076 1962 2132 2012 pit
2150 1962 2190 2000 in
2210 1974 2412 2014 synagoga
2431 1963 2485 2003 do

2076 2036 2163 2063 cere
2218 2032 2256 2065 et
2275 2027 2385 2065 multi
2404 2039 2456 2068 au

2074 2086 2221 2128 dientes
2239 2089 2388 2128 admira

2075 2150 2214 2190 bantur
2232 2152 2272 2189 in
2292 2151 2414 2191 doctri

2072 2225 2166 2252 nam
2184 2213 2283 2253 illius
2299 2235 2308 2245 ·
2349 2227 2486 2254 omnes

2073 2275 2242 2315 dicentes
2261 2277 2366 2316 unde

2071 2337 2160 2377 huic
2179 2338 2251 2379 hec
2271 2345 2309 2378 et
2331 2352 2430 2390 quae

2073 2407 2131 2440 est
2151 2402 2338 2452 sapientia
2356 2414 2433 2453 que

2073 2463 2162 2502 data
2180 2471 2238 2504 est
2256 2465 2308 2504 illi
2327 2471 2369 2504 ut
2387 2465 2447 2505 uir

2072 2533 2172 2566 tutes
2192 2528 2262 2567 iste
2282 2541 2352 2579 per
2366 2541 2432 2568 ma

2073 2602 2146 2628 nus
2166 2590 2247 2630 eius
2268 2591 2421 2631 effician

2071 2659 2133 2691 tur
2145 2674 2156 2684 ·
2185 2654 2344 2693 ³nonne
2363 2654 2433 2694 iste

2011 2752 2014 2755 ,
2072 2722 2131 2754 est
2149 2716 2255 2755 faber
2267 2717 2366 2756 filius

2071 2779 2215 2819 mariae
2231 2800 2241 2810 ·
2279 2779 2392 2820 frater

2073 2848 2203 2881 autem
2222 2842 2348 2882 iacobi
2361 2863 2371 2873 -
2417 2849 2455 2881 et

2071 2905 2208 2956 ioseph
2224 2926 2233 2936 ·
2274 2911 2312 2944 et
2330 2905 2441 2946 iudae
2458 2926 2467 2935 ·

2568 310 2658 354 ποις
2667 318 2748 352 167.
