<?xml version="1.0" encoding="UTF-8"?>
<!DOCTYPE html PUBLIC "-//W3C//DTD XHTML 1.0 Transitional//EN"
    "http://www.w3.org/TR/xhtml1/DTD/xhtml1-transitional.dtd">
<html xmlns="http://www.w3.org/1999/xhtml" xml:lang="en" lang="en">
 <head>
  <title>
</title>
<meta http-equiv="Content-Type" content="text/html;charset=utf-8" />
  <meta name='ocr-system' content='tesseract 3.04.00' />
  <meta name='ocr-capabilities' content='ocr_page ocr_carea ocr_par ocr_line ocrx_word'/>
</head>
<body>
  <div class='ocr_page' id='page_1' title='image "./fourgospelsfromm00whit_0110.png"; bbox 0 0 2872 3268; ppageno 0'>
   <div class='ocr_carea' id='block_1_1' title="bbox 563 217 2577 272">
    <p class='ocr_par' dir='ltr' id='par_1_1' title="bbox 563 217 2577 272">
     <span class='ocr_line' id='line_1_1' title="bbox 563 217 2577 272; baseline 0 -12"><span class='ocrx_word' id='word_1_1' title='bbox 563 223 620 270; x_wconf 75' lang='lat'>52</span> <span class='ocrx_word' id='word_1_2' title='bbox 1412 217 1709 260; x_wconf 88' lang='lat' dir='ltr'>SECUNDU</span> <span class='ocrx_word' id='word_1_3' title='bbox 1719 238 1729 248; x_wconf 86' lang='lat'><strong>·</strong></span> <span class='ocrx_word' id='word_1_4' title='bbox 1838 218 1841 223; x_wconf 84' lang='lat'>&#39;</span> <span class='ocrx_word' id='word_1_5' title='bbox 2341 225 2577 272; x_wconf 84' lang='lat' dir='ltr'>[vr1.18-49.</span> 
     </span>
    </p>
   </div>
   <div class='ocr_carea' id='block_1_2' title="bbox 367 330 2772 1575">
    <p class='ocr_par' dir='ltr' id='par_1_2' title="bbox 367 330 2772 1575">
     <span class='ocr_line' id='line_1_2' title="bbox 367 330 2772 380; baseline 0.001 -9"><span class='ocrx_word' id='word_1_6' title='bbox 367 339 450 371; x_wconf 69' lang='lat'><strong>1¹01.</strong></span> <span class='ocrx_word' id='word_1_7' title='bbox 467 338 552 370; x_wconf 82' lang='lat'><strong>223.</strong></span> <span class='ocrx_word' id='word_1_8' title='bbox 567 333 671 372; x_wconf 89' lang='lat' dir='ltr'><strong>misit</strong></span> <span class='ocrx_word' id='word_1_9' title='bbox 690 345 780 371; x_wconf 90' lang='lat' dir='ltr'>eum</span> <span class='ocrx_word' id='word_1_10' title='bbox 795 332 857 372; x_wconf 91' lang='lat' dir='ltr'>hic</span> <span class='ocrx_word' id='word_1_11' title='bbox 875 343 995 371; x_wconf 85' lang='lat' dir='ltr'>uerax</span> <span class='ocrx_word' id='word_1_12' title='bbox 1068 337 1263 370; x_wconf 90' lang='lat' dir='ltr'>nouerunt</span> <span class='ocrx_word' id='word_1_13' title='bbox 1282 330 1405 380; x_wconf 90' lang='lat' dir='ltr'>princi</span> <span class='ocrx_word' id='word_1_14' title='bbox 1605 331 1656 370; x_wconf 88' lang='lat' dir='ltr'>Et</span> <span class='ocrx_word' id='word_1_15' title='bbox 1675 331 1780 371; x_wconf 90' lang='lat' dir='ltr'>uado</span> <span class='ocrx_word' id='word_1_16' title='bbox 1800 332 1851 371; x_wconf 92' lang='lat' dir='ltr'>ad</span> <span class='ocrx_word' id='word_1_17' title='bbox 1870 344 1962 371; x_wconf 91' lang='lat' dir='ltr'>eum</span> <span class='ocrx_word' id='word_1_18' title='bbox 2108 332 2180 371; x_wconf 93' lang='lat' dir='ltr'>hos</span> <span class='ocrx_word' id='word_1_19' title='bbox 2201 344 2401 372; x_wconf 89' lang='lat' dir='ltr'>sermones</span> <span class='ocrx_word' id='word_1_20' title='bbox 2417 355 2426 365; x_wconf 91' lang='lat'><strong>·</strong></span> <span class='ocrx_word' id='word_1_21' title='bbox 2471 334 2510 373; x_wconf 94' lang='lat' dir='ltr'>di</span> <span class='ocrx_word' id='word_1_22' title='bbox 2593 338 2772 374; x_wconf 49' lang='lat' dir='ltr'>volan-1.</span> 
     </span>
     <span class='ocr_line' id='line_1_3' title="bbox 568 392 2539 448; baseline 0.001 -13"><span class='ocrx_word' id='word_1_23' title='bbox 568 403 628 435; x_wconf 90' lang='lat' dir='ltr'>est</span> <span class='ocrx_word' id='word_1_24' title='bbox 644 417 653 427; x_wconf 92' lang='lat'><strong>·</strong></span> <span class='ocrx_word' id='word_1_25' title='bbox 696 396 748 434; x_wconf 90' lang='lat' dir='ltr'>Et</span> <span class='ocrx_word' id='word_1_26' title='bbox 767 396 946 447; x_wconf 82' lang='lat' dir='ltr'>iniquitas</span> <span class='ocrx_word' id='word_1_27' title='bbox 966 395 1005 432; x_wconf 87' lang='lat' dir='ltr'>in</span> <span class='ocrx_word' id='word_1_28' title='bbox 1067 405 1138 444; x_wconf 85' lang='lat' dir='ltr'>pes</span> <span class='ocrx_word' id='word_1_29' title='bbox 1157 394 1247 442; x_wconf 89' lang='lat' dir='ltr'>quia</span> <span class='ocrx_word' id='word_1_30' title='bbox 1267 392 1328 432; x_wconf 92' lang='lat' dir='ltr'>hic</span> <span class='ocrx_word' id='word_1_31' title='bbox 1349 399 1408 432; x_wconf 86' lang='lat' dir='ltr'>est</span> <span class='ocrx_word' id='word_1_32' title='bbox 1428 405 1477 431; x_wconf 92' lang='lat' dir='ltr'>ue</span> <span class='ocrx_word' id='word_1_33' title='bbox 1605 395 1671 445; x_wconf 92' lang='lat' dir='ltr'>qui</span> <span class='ocrx_word' id='word_1_34' title='bbox 1690 407 1753 433; x_wconf 90' lang='lat' dir='ltr'>me</span> <span class='ocrx_word' id='word_1_35' title='bbox 1772 395 1898 434; x_wconf 88' lang='lat' dir='ltr'>misit·</span> <span class='ocrx_word' id='word_1_36' title='bbox 1942 395 2058 448; x_wconf 68' lang='lat' dir='ltr'>34que</span> <span class='ocrx_word' id='word_1_37' title='bbox 2107 396 2250 434; x_wconf 87' lang='lat' dir='ltr'><strong>cebant</strong></span> <span class='ocrx_word' id='word_1_38' title='bbox 2296 396 2360 435; x_wconf 92' lang='lat' dir='ltr'>hic</span> <span class='ocrx_word' id='word_1_39' title='bbox 2380 403 2439 436; x_wconf 90' lang='lat' dir='ltr'>est</span> <span class='ocrx_word' id='word_1_40' title='bbox 2452 396 2506 436; x_wconf 46' lang='lat' dir='ltr'>⁷ue</span> <span class='ocrx_word' id='word_1_41' title='bbox 2534 439 2539 444; x_wconf 68' lang='grc'>,</span> 
     </span>
     <span class='ocr_line' id='line_1_4' title="bbox 567 450 2561 508; baseline 0.002 -11"><span class='ocrx_word' id='word_1_42' title='bbox 567 459 635 498; x_wconf 91' lang='lat' dir='ltr'>illo</span> <span class='ocrx_word' id='word_1_43' title='bbox 655 471 738 498; x_wconf 94' lang='lat' dir='ltr'>non</span> <span class='ocrx_word' id='word_1_44' title='bbox 757 466 815 497; x_wconf 89' lang='lat' dir='ltr'>est</span> <span class='ocrx_word' id='word_1_45' title='bbox 828 479 838 489; x_wconf 86' lang='lat'><strong>·</strong></span> <span class='ocrx_word' id='word_1_46' title='bbox 867 458 896 479; x_wconf 84' lang='lat'>¹⁹</span> <span class='ocrx_word' id='word_1_47' title='bbox 909 457 1003 495; x_wconf 93' lang='lat' dir='ltr'>Non</span> <span class='ocrx_word' id='word_1_48' title='bbox 1067 469 1107 494; x_wconf 89' lang='lat' dir='ltr'>re</span> <span class='ocrx_word' id='word_1_49' title='bbox 1127 459 1202 505; x_wconf 68' lang='lat' dir='ltr'>xps</span> <span class='ocrx_word' id='word_1_50' title='bbox 1218 476 1226 485; x_wconf 92' lang='lat'><em>-</em></span> <span class='ocrx_word' id='word_1_51' title='bbox 1257 453 1285 478; x_wconf 71' lang='lat'>⁹⁷</span> <span class='ocrx_word' id='word_1_52' title='bbox 1301 455 1377 494; x_wconf 87' lang='lat' dir='ltr'>Sed</span> <span class='ocrx_word' id='word_1_53' title='bbox 1397 455 1500 494; x_wconf 83' lang='lat' dir='ltr'>hune</span> <span class='ocrx_word' id='word_1_54' title='bbox 1603 458 1684 496; x_wconf 90' lang='lat' dir='ltr'>ritis</span> <span class='ocrx_word' id='word_1_55' title='bbox 1703 470 1766 497; x_wconf 90' lang='lat' dir='ltr'>me</span> <span class='ocrx_word' id='word_1_56' title='bbox 1785 464 1824 496; x_wconf 91' lang='lat' dir='ltr'>et</span> <span class='ocrx_word' id='word_1_57' title='bbox 1844 450 1925 497; x_wconf 89' lang='lat' dir='ltr'>non</span> <span class='ocrx_word' id='word_1_58' title='bbox 1945 459 1986 497; x_wconf 92' lang='lat' dir='ltr'>in</span> <span class='ocrx_word' id='word_1_59' title='bbox 2105 469 2146 496; x_wconf 92' lang='lat' dir='ltr'>re</span> <span class='ocrx_word' id='word_1_60' title='bbox 2166 457 2319 508; x_wconf 87' lang='lat' dir='ltr'>profeta</span> <span class='ocrx_word' id='word_1_61' title='bbox 2332 480 2341 489; x_wconf 93' lang='lat'>·</span> <span class='ocrx_word' id='word_1_62' title='bbox 2385 459 2414 492; x_wconf 69' lang='lat'>⁴3</span> <span class='ocrx_word' id='word_1_63' title='bbox 2425 459 2502 499; x_wconf 90' lang='lat' dir='ltr'>Alii</span> <span class='ocrx_word' id='word_1_64' title='bbox 2522 460 2561 500; x_wconf 91' lang='lat' dir='ltr'>di</span> 
     </span>
     <span class='ocr_line' id='line_1_5' title="bbox 566 518 2454 572; baseline 0.001 -12"><span class='ocrx_word' id='word_1_65' title='bbox 566 533 722 572; x_wconf 93' lang='lat' dir='ltr'>moyses</span> <span class='ocrx_word' id='word_1_66' title='bbox 742 521 847 559; x_wconf 87' lang='lat' dir='ltr'><strong>dedit</strong></span> <span class='ocrx_word' id='word_1_67' title='bbox 866 518 977 558; x_wconf 81' lang='lat' dir='ltr'>uobis</span> <span class='ocrx_word' id='word_1_68' title='bbox 1067 519 1209 556; x_wconf 89' lang='lat' dir='ltr'>scimus</span> <span class='ocrx_word' id='word_1_69' title='bbox 1227 518 1333 557; x_wconf 91' lang='lat' dir='ltr'>unde</span> <span class='ocrx_word' id='word_1_70' title='bbox 1353 519 1400 557; x_wconf 88' lang='lat' dir='ltr'>sit</span> <span class='ocrx_word' id='word_1_71' title='bbox 1412 540 1421 549; x_wconf 90' lang='lat'><strong>·</strong></span> <span class='ocrx_word' id='word_1_72' title='bbox 1603 520 1767 561; x_wconf 83' lang='lat' dir='ltr'>uenietis</span> <span class='ocrx_word' id='word_1_73' title='bbox 1781 541 1790 551; x_wconf 92' lang='lat'><strong>·</strong></span> <span class='ocrx_word' id='word_1_74' title='bbox 1833 520 1885 560; x_wconf 92' lang='lat' dir='ltr'>Et</span> <span class='ocrx_word' id='word_1_75' title='bbox 1903 522 1970 560; x_wconf 94' lang='lat' dir='ltr'>ubi</span> <span class='ocrx_word' id='word_1_76' title='bbox 2103 522 2245 559; x_wconf 85' lang='lat' dir='ltr'><strong>cebant</strong></span> <span class='ocrx_word' id='word_1_77' title='bbox 2265 522 2454 572; x_wconf 90' lang='lat' dir='ltr'>numquid</span> 
     </span>
     <span class='ocr_line' id='line_1_6' title="bbox 566 580 2554 634; baseline 0.001 -12"><span class='ocrx_word' id='word_1_78' title='bbox 566 584 695 634; x_wconf 87' lang='lat' dir='ltr'>legem</span> <span class='ocrx_word' id='word_1_79' title='bbox 710 605 718 614; x_wconf 93' lang='lat'><em>-</em></span> <span class='ocrx_word' id='word_1_80' title='bbox 762 583 813 621; x_wconf 88' lang='lat' dir='ltr'>Et</span> <span class='ocrx_word' id='word_1_81' title='bbox 833 594 950 621; x_wconf 91' lang='lat' dir='ltr'>nemo</span> <span class='ocrx_word' id='word_1_82' title='bbox 970 594 1019 620; x_wconf 88' lang='lat' dir='ltr'>ex</span> <span class='ocrx_word' id='word_1_83' title='bbox 1066 580 1153 630; x_wconf 72' lang='lat' dir='ltr'>Xps</span> <span class='ocrx_word' id='word_1_84' title='bbox 1173 587 1303 619; x_wconf 90' lang='lat' dir='ltr'>autem</span> <span class='ocrx_word' id='word_1_85' title='bbox 1323 593 1413 620; x_wconf 89' lang='lat' dir='ltr'>cum</span> <span class='ocrx_word' id='word_1_86' title='bbox 1433 593 1533 620; x_wconf 88' lang='lat' dir='ltr'>uene</span> <span class='ocrx_word' id='word_1_87' title='bbox 1602 595 1679 632; x_wconf 85' lang='lat' dir='ltr'>ego</span> <span class='ocrx_word' id='word_1_88' title='bbox 1699 595 1786 621; x_wconf 90' lang='lat' dir='ltr'>sum</span> <span class='ocrx_word' id='word_1_89' title='bbox 1840 595 1914 623; x_wconf 89' lang='lat' dir='ltr'>uos</span> <span class='ocrx_word' id='word_1_90' title='bbox 1933 596 2014 623; x_wconf 89' lang='lat' dir='ltr'>non</span> <span class='ocrx_word' id='word_1_91' title='bbox 2105 582 2153 621; x_wconf 91' lang='lat' dir='ltr'>de</span> <span class='ocrx_word' id='word_1_92' title='bbox 2173 583 2313 633; x_wconf 86' lang='lat' dir='ltr'>galilea</span> <span class='ocrx_word' id='word_1_93' title='bbox 2332 588 2407 634; x_wconf 71' lang='lat' dir='ltr'>xps</span> <span class='ocrx_word' id='word_1_94' title='bbox 2424 585 2532 623; x_wconf 91' lang='lat' dir='ltr'>uenit</span> <span class='ocrx_word' id='word_1_95' title='bbox 2545 606 2554 616; x_wconf 92' lang='lat'><strong>·</strong></span> 
     </span>
     <span class='ocr_line' id='line_1_7' title="bbox 565 643 2556 697; baseline 0.002 -13"><span class='ocrx_word' id='word_1_96' title='bbox 565 647 679 685; x_wconf 90' lang='lat' dir='ltr'>uobis</span> <span class='ocrx_word' id='word_1_97' title='bbox 699 646 789 684; x_wconf 89' lang='lat' dir='ltr'>facit</span> <span class='ocrx_word' id='word_1_98' title='bbox 808 646 935 694; x_wconf 90' lang='lat' dir='ltr'>legem</span> <span class='ocrx_word' id='word_1_99' title='bbox 1064 644 1112 682; x_wconf 89' lang='lat' dir='ltr'>rit</span> <span class='ocrx_word' id='word_1_100' title='bbox 1167 655 1287 682; x_wconf 91' lang='lat' dir='ltr'>nemo</span> <span class='ocrx_word' id='word_1_101' title='bbox 1307 645 1379 683; x_wconf 89' lang='lat' dir='ltr'>scit</span> <span class='ocrx_word' id='word_1_102' title='bbox 1397 656 1451 682; x_wconf 89' lang='lat' dir='ltr'>un</span> <span class='ocrx_word' id='word_1_103' title='bbox 1602 646 1763 695; x_wconf 88' lang='lat' dir='ltr'>potestis</span> <span class='ocrx_word' id='word_1_104' title='bbox 1781 647 1914 686; x_wconf 90' lang='lat' dir='ltr'>uenire</span> <span class='ocrx_word' id='word_1_105' title='bbox 2103 643 2133 666; x_wconf 73' lang='lat'>⁴²</span> <span class='ocrx_word' id='word_1_106' title='bbox 2145 645 2291 684; x_wconf 84' lang='lat' dir='ltr'>Nonne</span> <span class='ocrx_word' id='word_1_107' title='bbox 2311 647 2497 697; x_wconf 88' lang='lat' dir='ltr'>scriptura</span> <span class='ocrx_word' id='word_1_108' title='bbox 2516 648 2556 687; x_wconf 89' lang='lat' dir='ltr'>di</span> 
     </span>
     <span class='ocr_line' id='line_1_8' title="bbox 565 705 2537 760; baseline 0.002 -14"><span class='ocrx_word' id='word_1_109' title='bbox 565 709 658 759; x_wconf 93' lang='lat' dir='ltr'>quid</span> <span class='ocrx_word' id='word_1_110' title='bbox 678 721 740 746; x_wconf 94' lang='lat' dir='ltr'>me</span> <span class='ocrx_word' id='word_1_111' title='bbox 754 708 937 758; x_wconf 87' lang='lat' dir='ltr'>quaeritis</span> <span class='ocrx_word' id='word_1_112' title='bbox 1065 705 1113 745; x_wconf 93' lang='lat' dir='ltr'>de</span> <span class='ocrx_word' id='word_1_113' title='bbox 1132 712 1190 744; x_wconf 90' lang='lat' dir='ltr'>est</span> <span class='ocrx_word' id='word_1_114' title='bbox 1202 727 1211 737; x_wconf 92' lang='lat'><strong>·</strong></span> <span class='ocrx_word' id='word_1_115' title='bbox 1230 727 1239 737; x_wconf 92' lang='lat'><strong>·</strong></span> <span class='ocrx_word' id='word_1_116' title='bbox 1254 727 1262 736; x_wconf 89' lang='lat'>·</span> <span class='ocrx_word' id='word_1_117' title='bbox 1299 705 1328 728; x_wconf 76' lang='lat'>²³</span> <span class='ocrx_word' id='word_1_118' title='bbox 1341 705 1479 746; x_wconf 88' lang='lat' dir='ltr'>Clama</span> <span class='ocrx_word' id='word_1_119' title='bbox 1601 705 1829 748; x_wconf 79' lang='lat' dir='ltr'>⁸⁶Dixerunt</span> <span class='ocrx_word' id='word_1_120' title='bbox 1841 722 1936 760; x_wconf 87' lang='lat' dir='ltr'>ergo</span> <span class='ocrx_word' id='word_1_121' title='bbox 1947 709 2068 749; x_wconf 89' lang='lat' dir='ltr'>iudei·</span> <span class='ocrx_word' id='word_1_122' title='bbox 2104 708 2156 747; x_wconf 89' lang='lat' dir='ltr'>cit</span> <span class='ocrx_word' id='word_1_123' title='bbox 2211 709 2302 759; x_wconf 91' lang='lat' dir='ltr'>quia</span> <span class='ocrx_word' id='word_1_124' title='bbox 2320 721 2369 748; x_wconf 84' lang='lat' dir='ltr'>ex</span> <span class='ocrx_word' id='word_1_125' title='bbox 2390 711 2537 750; x_wconf 89' lang='lat' dir='ltr'>semine</span> 
     </span>
     <span class='ocr_line' id='line_1_9' title="bbox 563 769 2508 823; baseline 0.001 -13"><span class='ocrx_word' id='word_1_126' title='bbox 563 771 743 810; x_wconf 91' lang='lat' dir='ltr'>occidere</span> <span class='ocrx_word' id='word_1_127' title='bbox 757 791 765 800; x_wconf 95' lang='lat'><strong>·</strong></span> <span class='ocrx_word' id='word_1_128' title='bbox 800 769 830 792; x_wconf 79' lang='lat'>2⁰</span> <span class='ocrx_word' id='word_1_129' title='bbox 838 769 1001 820; x_wconf 91' lang='lat' dir='ltr'>Respon</span> <span class='ocrx_word' id='word_1_130' title='bbox 1063 769 1130 806; x_wconf 89' lang='lat' dir='ltr'>bat</span> <span class='ocrx_word' id='word_1_131' title='bbox 1148 780 1243 818; x_wconf 88' lang='lat' dir='ltr'>ergo</span> <span class='ocrx_word' id='word_1_132' title='bbox 1263 770 1303 807; x_wconf 89' lang='lat' dir='ltr'>in</span> <span class='ocrx_word' id='word_1_133' title='bbox 1322 770 1468 820; x_wconf 86' lang='lat' dir='ltr'>templo</span> <span class='ocrx_word' id='word_1_134' title='bbox 1599 770 1703 821; x_wconf 90' lang='lat' dir='ltr'>apud</span> <span class='ocrx_word' id='word_1_135' title='bbox 1723 783 1763 810; x_wconf 88' lang='lat' dir='ltr'>se</span> <span class='ocrx_word' id='word_1_136' title='bbox 1783 771 1892 822; x_wconf 91' lang='lat' dir='ltr'>ipsos</span> <span class='ocrx_word' id='word_1_137' title='bbox 1912 785 1991 823; x_wconf 93' lang='lat' dir='ltr'>quo</span> <span class='ocrx_word' id='word_1_138' title='bbox 2104 771 2224 809; x_wconf 88' lang='lat' dir='ltr'>dauid</span> <span class='ocrx_word' id='word_1_139' title='bbox 2279 777 2318 810; x_wconf 93' lang='lat' dir='ltr'>et</span> <span class='ocrx_word' id='word_1_140' title='bbox 2337 784 2360 811; x_wconf 89' lang='lat' dir='ltr'>a</span> <span class='ocrx_word' id='word_1_141' title='bbox 2378 772 2508 812; x_wconf 87' lang='lat' dir='ltr'>bethie</span> 
     </span>
     <span class='ocr_line' id='line_1_10' title="bbox 563 831 2499 885; baseline 0.002 -14"><span class='ocrx_word' id='word_1_142' title='bbox 563 834 618 872; x_wconf 92' lang='lat' dir='ltr'>dit</span> <span class='ocrx_word' id='word_1_143' title='bbox 638 834 748 871; x_wconf 90' lang='lat' dir='ltr'>turba</span> <span class='ocrx_word' id='word_1_144' title='bbox 767 839 804 871; x_wconf 92' lang='lat' dir='ltr'>et</span> <span class='ocrx_word' id='word_1_145' title='bbox 823 833 919 870; x_wconf 83' lang='lat' dir='ltr'>dixit</span> <span class='ocrx_word' id='word_1_146' title='bbox 935 853 944 862; x_wconf 90' lang='lat'><strong>·</strong></span> <span class='ocrx_word' id='word_1_147' title='bbox 1062 831 1122 870; x_wconf 80' lang='lat' dir='ltr'>ihs</span> <span class='ocrx_word' id='word_1_148' title='bbox 1141 831 1288 871; x_wconf 90' lang='lat' dir='ltr'>docens</span> <span class='ocrx_word' id='word_1_149' title='bbox 1312 839 1350 871; x_wconf 90' lang='lat' dir='ltr'>et</span> <span class='ocrx_word' id='word_1_150' title='bbox 1369 833 1504 872; x_wconf 90' lang='lat' dir='ltr'>dicens</span> <span class='ocrx_word' id='word_1_151' title='bbox 1521 854 1529 863; x_wconf 93' lang='lat'><strong>·</strong></span> <span class='ocrx_word' id='word_1_152' title='bbox 1600 832 1661 871; x_wconf 91' lang='lat' dir='ltr'>hic</span> <span class='ocrx_word' id='word_1_153' title='bbox 1683 833 1840 885; x_wconf 89' lang='lat' dir='ltr'>incipiet</span> <span class='ocrx_word' id='word_1_154' title='bbox 1859 835 1912 874; x_wconf 90' lang='lat' dir='ltr'>ire</span> <span class='ocrx_word' id='word_1_155' title='bbox 1929 855 1938 865; x_wconf 85' lang='lat'><strong>·</strong></span> <span class='ocrx_word' id='word_1_156' title='bbox 2103 845 2167 871; x_wconf 91' lang='lat' dir='ltr'>em</span> <span class='ocrx_word' id='word_1_157' title='bbox 2187 833 2345 873; x_wconf 89' lang='lat' dir='ltr'>castello</span> <span class='ocrx_word' id='word_1_158' title='bbox 2391 835 2458 874; x_wconf 92' lang='lat' dir='ltr'>ubi</span> <span class='ocrx_word' id='word_1_159' title='bbox 2478 849 2499 874; x_wconf 93' lang='lat' dir='ltr'>e</span> 
     </span>
     <span class='ocr_line' id='line_1_11' title="bbox 562 893 2486 947; baseline 0.001 -12"><span class='ocrx_word' id='word_1_160' title='bbox 562 896 812 935; x_wconf 89' lang='lat' dir='ltr'>daemonium</span> <span class='ocrx_word' id='word_1_161' title='bbox 831 895 975 934; x_wconf 88' lang='lat' dir='ltr'>habes·</span> <span class='ocrx_word' id='word_1_162' title='bbox 1061 893 1112 933; x_wconf 94' lang='lat' dir='ltr'>Et</span> <span class='ocrx_word' id='word_1_163' title='bbox 1131 907 1195 934; x_wconf 88' lang='lat' dir='ltr'>me</span> <span class='ocrx_word' id='word_1_164' title='bbox 1215 895 1319 934; x_wconf 90' lang='lat' dir='ltr'>scitis</span> <span class='ocrx_word' id='word_1_165' title='bbox 1338 902 1377 934; x_wconf 91' lang='lat' dir='ltr'>et</span> <span class='ocrx_word' id='word_1_166' title='bbox 1397 896 1452 935; x_wconf 93' lang='lat' dir='ltr'>sci</span> <span class='ocrx_word' id='word_1_167' title='bbox 1598 896 1691 945; x_wconf 91' lang='lat' dir='ltr'>quia</span> <span class='ocrx_word' id='word_1_168' title='bbox 1709 908 1782 935; x_wconf 90' lang='lat' dir='ltr'>nos</span> <span class='ocrx_word' id='word_1_169' title='bbox 1802 909 1884 936; x_wconf 89' lang='lat' dir='ltr'>non</span> <span class='ocrx_word' id='word_1_170' title='bbox 1903 898 1944 936; x_wconf 89' lang='lat' dir='ltr'>in</span> <span class='ocrx_word' id='word_1_171' title='bbox 2102 902 2160 934; x_wconf 88' lang='lat' dir='ltr'>rat</span> <span class='ocrx_word' id='word_1_172' title='bbox 2181 896 2297 934; x_wconf 87' lang='lat' dir='ltr'>dauid</span> <span class='ocrx_word' id='word_1_173' title='bbox 2344 900 2418 947; x_wconf 73' lang='lat' dir='ltr'>xps</span> <span class='ocrx_word' id='word_1_174' title='bbox 2436 910 2486 937; x_wconf 91' lang='lat' dir='ltr'>ue</span> 
     </span>
     <span class='ocr_line' id='line_1_12' title="bbox 561 957 2519 1009; baseline 0.002 -13"><span class='ocrx_word' id='word_1_175' title='bbox 561 959 647 1009; x_wconf 93' lang='lat' dir='ltr'>quis</span> <span class='ocrx_word' id='word_1_176' title='bbox 666 964 702 996; x_wconf 82' lang='lat' dir='ltr'>te</span> <span class='ocrx_word' id='word_1_177' title='bbox 722 958 868 1008; x_wconf 90' lang='lat' dir='ltr'>quaerit</span> <span class='ocrx_word' id='word_1_178' title='bbox 886 958 972 997; x_wconf 93' lang='lat' dir='ltr'>occi</span> <span class='ocrx_word' id='word_1_179' title='bbox 1062 958 1109 996; x_wconf 88' lang='lat' dir='ltr'>tis</span> <span class='ocrx_word' id='word_1_180' title='bbox 1127 957 1231 996; x_wconf 92' lang='lat' dir='ltr'>unde</span> <span class='ocrx_word' id='word_1_181' title='bbox 1253 970 1338 996; x_wconf 92' lang='lat' dir='ltr'>sum</span> <span class='ocrx_word' id='word_1_182' title='bbox 1355 979 1364 989; x_wconf 90' lang='lat'><strong>·</strong></span> <span class='ocrx_word' id='word_1_183' title='bbox 1408 964 1446 996; x_wconf 90' lang='lat' dir='ltr'>et</span> <span class='ocrx_word' id='word_1_184' title='bbox 1466 971 1489 997; x_wconf 91' lang='lat' dir='ltr'>a</span> <span class='ocrx_word' id='word_1_185' title='bbox 1598 959 1800 998; x_wconf 89' lang='lat' dir='ltr'>ueniemus</span> <span class='ocrx_word' id='word_1_186' title='bbox 1819 972 1910 998; x_wconf 90' lang='lat' dir='ltr'>eum</span> <span class='ocrx_word' id='word_1_187' title='bbox 2103 958 2159 996; x_wconf 90' lang='lat' dir='ltr'>nit</span> <span class='ocrx_word' id='word_1_188' title='bbox 2173 979 2181 988; x_wconf 93' lang='lat'><strong>·</strong></span> <span class='ocrx_word' id='word_1_189' title='bbox 2224 958 2254 980; x_wconf 78' lang='lat'>⁴³</span> <span class='ocrx_word' id='word_1_190' title='bbox 2267 959 2457 999; x_wconf 89' lang='lat' dir='ltr'>dissensio</span> <span class='ocrx_word' id='word_1_191' title='bbox 2477 972 2519 999; x_wconf 92' lang='lat' dir='ltr'>er</span> 
     </span>
     <span class='ocr_line' id='line_1_13' title="bbox 560 1019 2449 1074; baseline 0 -14"><span class='ocrx_word' id='word_1_192' title='bbox 560 1022 650 1061; x_wconf 85' lang='lat' dir='ltr'>dere</span> <span class='ocrx_word' id='word_1_193' title='bbox 669 1042 677 1051; x_wconf 90' lang='lat'>·</span> <span class='ocrx_word' id='word_1_194' title='bbox 699 1019 726 1041; x_wconf 82' lang='lat'>²¹</span> <span class='ocrx_word' id='word_1_195' title='bbox 741 1020 962 1071; x_wconf 89' lang='lat' dir='ltr'>Respondit</span> <span class='ocrx_word' id='word_1_196' title='bbox 1061 1033 1125 1059; x_wconf 91' lang='lat' dir='ltr'>me</span> <span class='ocrx_word' id='word_1_197' title='bbox 1146 1021 1232 1071; x_wconf 89' lang='lat' dir='ltr'>ipso</span> <span class='ocrx_word' id='word_1_198' title='bbox 1252 1033 1333 1060; x_wconf 90' lang='lat' dir='ltr'>non</span> <span class='ocrx_word' id='word_1_199' title='bbox 1351 1022 1443 1060; x_wconf 91' lang='lat' dir='ltr'>ueni</span> <span class='ocrx_word' id='word_1_200' title='bbox 1600 1020 1804 1071; x_wconf 84' lang='lat' dir='ltr'>Numquid</span> <span class='ocrx_word' id='word_1_201' title='bbox 1823 1022 1864 1060; x_wconf 91' lang='lat' dir='ltr'>in</span> <span class='ocrx_word' id='word_1_202' title='bbox 1884 1023 2014 1074; x_wconf 90' lang='lat' dir='ltr'>disper</span> <span class='ocrx_word' id='word_1_203' title='bbox 2102 1032 2155 1070; x_wconf 89' lang='lat' dir='ltr'>go</span> <span class='ocrx_word' id='word_1_204' title='bbox 2169 1020 2309 1059; x_wconf 88' lang='lat' dir='ltr'>iterum</span> <span class='ocrx_word' id='word_1_205' title='bbox 2327 1022 2369 1059; x_wconf 94' lang='lat' dir='ltr'>in</span> <span class='ocrx_word' id='word_1_206' title='bbox 2388 1029 2449 1061; x_wconf 90' lang='lat' dir='ltr'>tur</span> 
     </span>
     <span class='ocr_line' id='line_1_14' title="bbox 560 1083 2509 1138; baseline 0.001 -16"><span class='ocrx_word' id='word_1_207' title='bbox 560 1085 619 1122; x_wconf 81' lang='lat' dir='ltr'>ihs</span> <span class='ocrx_word' id='word_1_208' title='bbox 639 1090 676 1123; x_wconf 89' lang='lat' dir='ltr'>et</span> <span class='ocrx_word' id='word_1_209' title='bbox 695 1084 792 1122; x_wconf 86' lang='lat' dir='ltr'>dixit</span> <span class='ocrx_word' id='word_1_210' title='bbox 811 1084 867 1123; x_wconf 91' lang='lat' dir='ltr'>eis</span> <span class='ocrx_word' id='word_1_211' title='bbox 912 1088 994 1123; x_wconf 65' lang='lat' dir='ltr'>unt-1</span> <span class='ocrx_word' id='word_1_212' title='bbox 1062 1083 1130 1122; x_wconf 91' lang='lat' dir='ltr'>sed</span> <span class='ocrx_word' id='word_1_213' title='bbox 1149 1090 1207 1122; x_wconf 91' lang='lat' dir='ltr'>est</span> <span class='ocrx_word' id='word_1_214' title='bbox 1225 1096 1340 1123; x_wconf 90' lang='lat' dir='ltr'>uerus</span> <span class='ocrx_word' id='word_1_215' title='bbox 1360 1084 1426 1135; x_wconf 91' lang='lat' dir='ltr'>qui</span> <span class='ocrx_word' id='word_1_216' title='bbox 1600 1083 1714 1138; x_wconf 70' lang='lat' dir='ltr'>sione</span> <span class='ocrx_word' id='word_1_217' title='bbox 1732 1097 1938 1134; x_wconf 90' lang='lat' dir='ltr'>grecorum</span> <span class='ocrx_word' id='word_1_218' title='bbox 2086 1084 2154 1122; x_wconf 76' lang='lat' dir='ltr'>&#39;ba</span> <span class='ocrx_word' id='word_1_219' title='bbox 2173 1083 2275 1122; x_wconf 89' lang='lat' dir='ltr'>facta</span> <span class='ocrx_word' id='word_1_220' title='bbox 2295 1091 2353 1122; x_wconf 92' lang='lat' dir='ltr'>est</span> <span class='ocrx_word' id='word_1_221' title='bbox 2408 1097 2509 1136; x_wconf 87' lang='lat' dir='ltr'>prop</span> 
     </span>
     <span class='ocr_line' id='line_1_15' title="bbox 559 1143 2529 1198; baseline 0.001 -13"><span class='ocrx_word' id='word_1_222' title='bbox 559 1159 659 1197; x_wconf 92' lang='lat' dir='ltr'>opus</span> <span class='ocrx_word' id='word_1_223' title='bbox 679 1147 753 1185; x_wconf 91' lang='lat' dir='ltr'>feci</span> <span class='ocrx_word' id='word_1_224' title='bbox 774 1153 811 1185; x_wconf 92' lang='lat' dir='ltr'>et</span> <span class='ocrx_word' id='word_1_225' title='bbox 831 1154 966 1185; x_wconf 67' lang='lat' dir='ltr'>omnes</span> <span class='ocrx_word' id='word_1_226' title='bbox 1060 1146 1165 1184; x_wconf 87' lang='lat' dir='ltr'>misit</span> <span class='ocrx_word' id='word_1_227' title='bbox 1183 1143 1247 1185; x_wconf 78' lang='lat' dir='ltr'>&#39;me</span> <span class='ocrx_word' id='word_1_228' title='bbox 1301 1159 1421 1197; x_wconf 89' lang='lat' dir='ltr'>quem</span> <span class='ocrx_word' id='word_1_229' title='bbox 1598 1145 1756 1197; x_wconf 86' lang='lat' dir='ltr'>incipiet</span> <span class='ocrx_word' id='word_1_230' title='bbox 1776 1147 1830 1185; x_wconf 91' lang='lat' dir='ltr'>ire</span> <span class='ocrx_word' id='word_1_231' title='bbox 1868 1147 1920 1186; x_wconf 90' lang='lat' dir='ltr'>Et</span> <span class='ocrx_word' id='word_1_232' title='bbox 1941 1148 1993 1187; x_wconf 94' lang='lat' dir='ltr'>do</span> <span class='ocrx_word' id='word_1_233' title='bbox 2101 1152 2158 1184; x_wconf 93' lang='lat' dir='ltr'>ter</span> <span class='ocrx_word' id='word_1_234' title='bbox 2178 1158 2268 1184; x_wconf 91' lang='lat' dir='ltr'>eum</span> <span class='ocrx_word' id='word_1_235' title='bbox 2285 1167 2293 1176; x_wconf 92' lang='lat'><em>·</em></span> <span class='ocrx_word' id='word_1_236' title='bbox 2336 1147 2365 1168; x_wconf 80' lang='lat'>⁴⁴</span> <span class='ocrx_word' id='word_1_237' title='bbox 2377 1148 2529 1198; x_wconf 66' lang='lat' dir='ltr'>quida·-</span> 
     </span>
     <span class='ocr_line' id='line_1_16' title="bbox 557 1207 2468 1261; baseline 0 -13"><span class='ocrx_word' id='word_1_238' title='bbox 557 1210 752 1248; x_wconf 89' lang='lat' dir='ltr'>miramini</span> <span class='ocrx_word' id='word_1_239' title='bbox 778 1207 807 1230; x_wconf 76' lang='lat'>²²</span> <span class='ocrx_word' id='word_1_240' title='bbox 817 1222 917 1260; x_wconf 92' lang='lat' dir='ltr'>prop</span> <span class='ocrx_word' id='word_1_241' title='bbox 1059 1221 1132 1247; x_wconf 88' lang='lat' dir='ltr'>uos</span> <span class='ocrx_word' id='word_1_242' title='bbox 1148 1209 1304 1248; x_wconf 91' lang='lat' dir='ltr'>nescitis</span> <span class='ocrx_word' id='word_1_243' title='bbox 1320 1230 1328 1239; x_wconf 92' lang='lat'><strong>·</strong></span> <span class='ocrx_word' id='word_1_244' title='bbox 1348 1208 1460 1260; x_wconf 69' lang='lat' dir='ltr'>⁸⁹ego</span> <span class='ocrx_word' id='word_1_245' title='bbox 1473 1210 1529 1249; x_wconf 91' lang='lat' dir='ltr'>sci</span> <span class='ocrx_word' id='word_1_246' title='bbox 1598 1221 1686 1247; x_wconf 89' lang='lat' dir='ltr'>cere</span> <span class='ocrx_word' id='word_1_247' title='bbox 1705 1221 1843 1259; x_wconf 89' lang='lat' dir='ltr'>grecos</span> <span class='ocrx_word' id='word_1_248' title='bbox 1857 1230 1866 1241; x_wconf 89' lang='lat'><strong>·</strong></span> <span class='ocrx_word' id='word_1_249' title='bbox 1908 1210 1938 1232; x_wconf 80' lang='lat'>³⁶</span> <span class='ocrx_word' id='word_1_250' title='bbox 1949 1211 2036 1261; x_wconf 90' lang='lat' dir='ltr'>quis</span> <span class='ocrx_word' id='word_1_251' title='bbox 2102 1220 2150 1246; x_wconf 85' lang='lat' dir='ltr'>ex</span> <span class='ocrx_word' id='word_1_252' title='bbox 2170 1208 2264 1259; x_wconf 90' lang='lat' dir='ltr'>ipsis</span> <span class='ocrx_word' id='word_1_253' title='bbox 2281 1209 2468 1248; x_wconf 88' lang='lat' dir='ltr'>uolebant</span> 
     </span>
     <span class='ocr_line' id='line_1_17' title="bbox 557 1270 2435 1324; baseline 0 -13"><span class='ocrx_word' id='word_1_254' title='bbox 557 1279 664 1312; x_wconf 92' lang='lat' dir='ltr'>terea</span> <span class='ocrx_word' id='word_1_255' title='bbox 677 1293 686 1303; x_wconf 90' lang='lat'><strong>·</strong></span> <span class='ocrx_word' id='word_1_256' title='bbox 702 1294 710 1303; x_wconf 90' lang='lat'><em>-</em></span> <span class='ocrx_word' id='word_1_257' title='bbox 742 1272 903 1323; x_wconf 88' lang='lat' dir='ltr'>Moyses</span> <span class='ocrx_word' id='word_1_258' title='bbox 921 1273 971 1312; x_wconf 93' lang='lat' dir='ltr'>de</span> <span class='ocrx_word' id='word_1_259' title='bbox 1060 1283 1086 1310; x_wconf 95' lang='lat' dir='ltr'>o</span> <span class='ocrx_word' id='word_1_260' title='bbox 1105 1271 1213 1309; x_wconf 91' lang='lat' dir='ltr'>illum</span> <span class='ocrx_word' id='word_1_261' title='bbox 1233 1276 1329 1322; x_wconf 68' lang='lat' dir='ltr'>qum</span> <span class='ocrx_word' id='word_1_262' title='bbox 1348 1272 1398 1311; x_wconf 89' lang='lat' dir='ltr'>ab</span> <span class='ocrx_word' id='word_1_263' title='bbox 1417 1272 1482 1311; x_wconf 92' lang='lat' dir='ltr'>illo</span> <span class='ocrx_word' id='word_1_264' title='bbox 1597 1278 1655 1310; x_wconf 88' lang='lat' dir='ltr'>est</span> <span class='ocrx_word' id='word_1_265' title='bbox 1674 1271 1736 1311; x_wconf 90' lang='lat' dir='ltr'>hic</span> <span class='ocrx_word' id='word_1_266' title='bbox 1757 1285 1886 1311; x_wconf 88' lang='lat' dir='ltr'>sermo</span> <span class='ocrx_word' id='word_1_267' title='bbox 1907 1277 1983 1324; x_wconf 73' lang='lat' dir='ltr'>que</span> <span class='ocrx_word' id='word_1_268' title='bbox 2101 1270 2394 1321; x_wconf 87' lang='lat' dir='ltr'>adprehendere</span> <span class='ocrx_word' id='word_1_269' title='bbox 2413 1284 2435 1311; x_wconf 91' lang='lat' dir='ltr'>e</span> 
     </span>
     <span class='ocr_line' id='line_1_18' title="bbox 557 1333 2527 1386; baseline -0.001 -12"><span class='ocrx_word' id='word_1_270' title='bbox 557 1336 614 1374; x_wconf 92' lang='lat' dir='ltr'>dit</span> <span class='ocrx_word' id='word_1_271' title='bbox 630 1335 744 1374; x_wconf 91' lang='lat' dir='ltr'>uobis</span> <span class='ocrx_word' id='word_1_272' title='bbox 764 1336 948 1374; x_wconf 91' lang='lat' dir='ltr'>circumci</span> <span class='ocrx_word' id='word_1_273' title='bbox 1061 1346 1149 1373; x_wconf 90' lang='lat' dir='ltr'>sum</span> <span class='ocrx_word' id='word_1_274' title='bbox 1169 1340 1207 1373; x_wconf 92' lang='lat' dir='ltr'>et</span> <span class='ocrx_word' id='word_1_275' title='bbox 1223 1335 1306 1385; x_wconf 91' lang='lat' dir='ltr'>ipse</span> <span class='ocrx_word' id='word_1_276' title='bbox 1326 1347 1389 1373; x_wconf 88' lang='lat' dir='ltr'>me</span> <span class='ocrx_word' id='word_1_277' title='bbox 1408 1336 1463 1373; x_wconf 92' lang='lat' dir='ltr'>mi</span> <span class='ocrx_word' id='word_1_278' title='bbox 1598 1334 1694 1373; x_wconf 88' lang='lat' dir='ltr'>dixit</span> <span class='ocrx_word' id='word_1_279' title='bbox 1707 1355 1716 1365; x_wconf 92' lang='lat'><strong>·</strong></span> <span class='ocrx_word' id='word_1_280' title='bbox 1756 1336 1938 1386; x_wconf 86' lang='lat' dir='ltr'>quaeritis</span> <span class='ocrx_word' id='word_1_281' title='bbox 1956 1349 2020 1375; x_wconf 91' lang='lat' dir='ltr'>me</span> <span class='ocrx_word' id='word_1_282' title='bbox 2100 1345 2169 1371; x_wconf 90' lang='lat' dir='ltr'>um</span> <span class='ocrx_word' id='word_1_283' title='bbox 2185 1353 2194 1364; x_wconf 88' lang='lat'><strong>·</strong></span> <span class='ocrx_word' id='word_1_284' title='bbox 2239 1333 2316 1372; x_wconf 90' lang='lat' dir='ltr'>Sed</span> <span class='ocrx_word' id='word_1_285' title='bbox 2335 1346 2453 1373; x_wconf 87' lang='lat' dir='ltr'>nemo</span> <span class='ocrx_word' id='word_1_286' title='bbox 2473 1335 2527 1373; x_wconf 90' lang='lat' dir='ltr'>mi</span> 
     </span>
     <span class='ocr_line' id='line_1_19' title="bbox 558 1388 2494 1449; baseline -0.003 -12"><span class='ocrx_word' id='word_1_287' title='bbox 558 1399 712 1437; x_wconf 86' lang='lat' dir='ltr'>sionem</span> <span class='ocrx_word' id='word_1_288' title='bbox 728 1419 737 1429; x_wconf 88' lang='lat'><strong>·</strong></span> <span class='ocrx_word' id='word_1_289' title='bbox 780 1398 875 1437; x_wconf 91' lang='lat' dir='ltr'>Non</span> <span class='ocrx_word' id='word_1_290' title='bbox 895 1388 988 1449; x_wconf 86' lang='lat' dir='ltr'>quia</span> <span class='ocrx_word' id='word_1_291' title='bbox 1061 1397 1109 1435; x_wconf 89' lang='lat' dir='ltr'>sit</span> <span class='ocrx_word' id='word_1_292' title='bbox 1123 1417 1132 1427; x_wconf 88' lang='lat'><strong>·</strong></span> <span class='ocrx_word' id='word_1_293' title='bbox 1169 1397 1202 1420; x_wconf 77' lang='lat'>¹⁵⁰</span> <span class='ocrx_word' id='word_1_294' title='bbox 1214 1398 1452 1448; x_wconf 84' lang='lat' dir='ltr'>quaerebant</span> <span class='ocrx_word' id='word_1_295' title='bbox 1599 1403 1637 1435; x_wconf 87' lang='lat' dir='ltr'>et</span> <span class='ocrx_word' id='word_1_296' title='bbox 1655 1410 1737 1436; x_wconf 91' lang='lat' dir='ltr'>non</span> <span class='ocrx_word' id='word_1_297' title='bbox 1756 1398 1960 1437; x_wconf 90' lang='lat' dir='ltr'>inuenietis</span> <span class='ocrx_word' id='word_1_298' title='bbox 1974 1419 1984 1429; x_wconf 91' lang='lat'><strong>·</strong></span> <span class='ocrx_word' id='word_1_299' title='bbox 2028 1405 2067 1438; x_wconf 87' lang='lat' dir='ltr'>et</span> <span class='ocrx_word' id='word_1_300' title='bbox 2101 1396 2148 1434; x_wconf 86' lang='lat' dir='ltr'>sit</span> <span class='ocrx_word' id='word_1_301' title='bbox 2170 1408 2285 1447; x_wconf 87' lang='lat' dir='ltr'>super</span> <span class='ocrx_word' id='word_1_302' title='bbox 2302 1396 2409 1435; x_wconf 90' lang='lat' dir='ltr'>illum</span> <span class='ocrx_word' id='word_1_303' title='bbox 2427 1409 2494 1436; x_wconf 83' lang='lat' dir='ltr'>ma</span> 
     </span>
     <span class='ocr_line' id='line_1_20' title="bbox 556 1452 2473 1511; baseline -0.001 -11"><span class='ocrx_word' id='word_1_304' title='bbox 556 1473 606 1500; x_wconf 87' lang='lat' dir='ltr'>ex</span> <span class='ocrx_word' id='word_1_305' title='bbox 626 1461 753 1511; x_wconf 87' lang='lat' dir='ltr'>moysi</span> <span class='ocrx_word' id='word_1_306' title='bbox 772 1467 831 1500; x_wconf 89' lang='lat' dir='ltr'>est</span> <span class='ocrx_word' id='word_1_307' title='bbox 869 1461 939 1500; x_wconf 89' lang='lat' dir='ltr'>sed</span> <span class='ocrx_word' id='word_1_308' title='bbox 958 1474 1007 1500; x_wconf 86' lang='lat' dir='ltr'>ex</span> <span class='ocrx_word' id='word_1_309' title='bbox 1060 1472 1154 1510; x_wconf 88' lang='lat' dir='ltr'>ergo</span> <span class='ocrx_word' id='word_1_310' title='bbox 1174 1460 1283 1498; x_wconf 88' lang='lat' dir='ltr'>illum</span> <span class='ocrx_word' id='word_1_311' title='bbox 1303 1460 1423 1511; x_wconf 89' lang='lat' dir='ltr'>adpre</span> <span class='ocrx_word' id='word_1_312' title='bbox 1597 1460 1663 1499; x_wconf 90' lang='lat' dir='ltr'>ubi</span> <span class='ocrx_word' id='word_1_313' title='bbox 1682 1472 1760 1511; x_wconf 87' lang='lat' dir='ltr'>ego</span> <span class='ocrx_word' id='word_1_314' title='bbox 1780 1472 1867 1499; x_wconf 89' lang='lat' dir='ltr'>sum</span> <span class='ocrx_word' id='word_1_315' title='bbox 1887 1473 1962 1500; x_wconf 91' lang='lat' dir='ltr'>uos</span> <span class='ocrx_word' id='word_1_316' title='bbox 1984 1474 2066 1501; x_wconf 91' lang='lat' dir='ltr'>non</span> <span class='ocrx_word' id='word_1_317' title='bbox 2101 1470 2175 1497; x_wconf 89' lang='lat' dir='ltr'>nus</span> <span class='ocrx_word' id='word_1_318' title='bbox 2192 1452 2204 1489; x_wconf 38' lang='lat'>·&#39;</span> <span class='ocrx_word' id='word_1_319' title='bbox 2230 1458 2473 1499; x_wconf 80' lang='lat' dir='ltr'>⁴⁵Uenerunt</span> 
     </span>
     <span class='ocr_line' id='line_1_21' title="bbox 555 1522 2448 1575; baseline 0 -13"><span class='ocrx_word' id='word_1_320' title='bbox 555 1524 728 1575; x_wconf 90' lang='lat' dir='ltr'>patribus</span> <span class='ocrx_word' id='word_1_321' title='bbox 1058 1522 1229 1562; x_wconf 90' lang='lat' dir='ltr'>hendere</span> <span class='ocrx_word' id='word_1_322' title='bbox 1246 1544 1255 1554; x_wconf 91' lang='lat'>-</span> <span class='ocrx_word' id='word_1_323' title='bbox 1283 1523 1335 1561; x_wconf 94' lang='lat' dir='ltr'>Et</span> <span class='ocrx_word' id='word_1_324' title='bbox 1353 1535 1403 1562; x_wconf 89' lang='lat' dir='ltr'>ne</span> <span class='ocrx_word' id='word_1_325' title='bbox 1597 1523 1759 1572; x_wconf 88' lang='lat' dir='ltr'>potestis</span> <span class='ocrx_word' id='word_1_326' title='bbox 1777 1524 1910 1562; x_wconf 91' lang='lat' dir='ltr'>uenire</span> <span class='ocrx_word' id='word_1_327' title='bbox 1921 1545 1977 1556; x_wconf 84' lang='lat'><strong>-.--</strong></span> <span class='ocrx_word' id='word_1_328' title='bbox 2101 1533 2195 1571; x_wconf 88' lang='lat' dir='ltr'>ergo</span> <span class='ocrx_word' id='word_1_329' title='bbox 2214 1522 2377 1561; x_wconf 90' lang='lat' dir='ltr'>ministri</span> <span class='ocrx_word' id='word_1_330' title='bbox 2397 1523 2448 1562; x_wconf 89' lang='lat' dir='ltr'>ad</span> 
     </span>
    </p>
   </div>
   <div class='ocr_carea' id='block_1_3' title="bbox 555 1609 2550 1790">
    <p class='ocr_par' dir='ltr' id='par_1_3' title="bbox 555 1609 2550 1790">
     <span class='ocr_line' id='line_1_22' title="bbox 555 1609 2480 1661; baseline 0.001 -12"><span class='ocrx_word' id='word_1_331' title='bbox 555 1618 595 1650; x_wconf 88' lang='lat' dir='ltr'>et</span> <span class='ocrx_word' id='word_1_332' title='bbox 614 1612 655 1650; x_wconf 93' lang='lat' dir='ltr'>in</span> <span class='ocrx_word' id='word_1_333' title='bbox 675 1612 839 1651; x_wconf 92' lang='lat' dir='ltr'>sabbato</span> <span class='ocrx_word' id='word_1_334' title='bbox 860 1613 998 1651; x_wconf 60' lang='lat' dir='ltr'>circu*</span> <span class='ocrx_word' id='word_1_335' title='bbox 1059 1623 1127 1650; x_wconf 90' lang='lat' dir='ltr'>mo</span> <span class='ocrx_word' id='word_1_336' title='bbox 1142 1612 1246 1650; x_wconf 91' lang='lat' dir='ltr'>misit</span> <span class='ocrx_word' id='word_1_337' title='bbox 1266 1613 1306 1650; x_wconf 92' lang='lat' dir='ltr'>in</span> <span class='ocrx_word' id='word_1_338' title='bbox 1326 1613 1434 1651; x_wconf 90' lang='lat' dir='ltr'>illum</span> <span class='ocrx_word' id='word_1_339' title='bbox 1453 1625 1518 1652; x_wconf 91' lang='lat' dir='ltr'>ma</span> <span class='ocrx_word' id='word_1_340' title='bbox 1577 1609 1627 1631; x_wconf 80' lang='lat'>*³⁷</span> <span class='ocrx_word' id='word_1_341' title='bbox 1638 1611 1686 1648; x_wconf 92' lang='lat' dir='ltr'>In</span> <span class='ocrx_word' id='word_1_342' title='bbox 1705 1611 1920 1650; x_wconf 90' lang='lat' dir='ltr'>nouissimo</span> <span class='ocrx_word' id='word_1_343' title='bbox 1936 1618 2066 1652; x_wconf 87' lang='lat' dir='ltr'>autem</span> <span class='ocrx_word' id='word_1_344' title='bbox 2100 1610 2297 1661; x_wconf 82' lang='lat' dir='ltr'>principes</span> <span class='ocrx_word' id='word_1_345' title='bbox 2316 1611 2480 1651; x_wconf 87' lang='lat' dir='ltr'>sacerdo</span> 
     </span>
     <span class='ocr_line' id='line_1_23' title="bbox 555 1671 2473 1725; baseline -0.001 -12"><span class='ocrx_word' id='word_1_346' title='bbox 555 1674 682 1713; x_wconf 91' lang='lat' dir='ltr'>ciditis</span> <span class='ocrx_word' id='word_1_347' title='bbox 702 1674 903 1713; x_wconf 90' lang='lat' dir='ltr'>hominem</span> <span class='ocrx_word' id='word_1_348' title='bbox 920 1695 930 1705; x_wconf 89' lang='lat'><strong>·</strong></span> <span class='ocrx_word' id='word_1_349' title='bbox 1059 1686 1134 1713; x_wconf 92' lang='lat' dir='ltr'>nus</span> <span class='ocrx_word' id='word_1_350' title='bbox 1155 1675 1245 1725; x_wconf 90' lang='lat' dir='ltr'>quia</span> <span class='ocrx_word' id='word_1_351' title='bbox 1264 1676 1442 1714; x_wconf 89' lang='lat' dir='ltr'>nondum</span> <span class='ocrx_word' id='word_1_352' title='bbox 1577 1671 1659 1711; x_wconf 90' lang='lat' dir='ltr'>*die</span> <span class='ocrx_word' id='word_1_353' title='bbox 1678 1673 1743 1712; x_wconf 93' lang='lat' dir='ltr'>illo</span> <span class='ocrx_word' id='word_1_354' title='bbox 1763 1686 1910 1725; x_wconf 87' lang='lat' dir='ltr'>magno</span> <span class='ocrx_word' id='word_1_355' title='bbox 1923 1695 1932 1705; x_wconf 90' lang='lat'><strong>·</strong></span> <span class='ocrx_word' id='word_1_356' title='bbox 2100 1680 2183 1711; x_wconf 92' lang='lat' dir='ltr'>tum</span> <span class='ocrx_word' id='word_1_357' title='bbox 2202 1680 2240 1711; x_wconf 91' lang='lat' dir='ltr'>et</span> <span class='ocrx_word' id='word_1_358' title='bbox 2259 1673 2420 1713; x_wconf 87' lang='lat' dir='ltr'>fariseos</span> <span class='ocrx_word' id='word_1_359' title='bbox 2434 1695 2473 1704; x_wconf 90' lang='lat'>--</span> 
     </span>
     <span class='ocr_line' id='line_1_24' title="bbox 555 1733 2550 1790; baseline 0.002 -16"><span class='ocrx_word' id='word_1_360' title='bbox 555 1735 584 1758; x_wconf 77' lang='lat'>²³</span> <span class='ocrx_word' id='word_1_361' title='bbox 598 1737 639 1775; x_wconf 91' lang='lat' dir='ltr'>Si</span> <span class='ocrx_word' id='word_1_362' title='bbox 659 1737 998 1790; x_wconf 87' lang='lat' dir='ltr'>circumcisionem</span> <span class='ocrx_word' id='word_1_363' title='bbox 1059 1744 1221 1775; x_wconf 90' lang='lat' dir='ltr'>uenerat</span> <span class='ocrx_word' id='word_1_364' title='bbox 1241 1737 1339 1776; x_wconf 88' lang='lat' dir='ltr'>hora</span> <span class='ocrx_word' id='word_1_365' title='bbox 1360 1740 1445 1777; x_wconf 89' lang='lat' dir='ltr'>eius</span> <span class='ocrx_word' id='word_1_366' title='bbox 1462 1759 1471 1769; x_wconf 89' lang='lat'><strong>·</strong></span> <span class='ocrx_word' id='word_1_367' title='bbox 1574 1733 1671 1774; x_wconf 91' lang='lat' dir='ltr'>*diei</span> <span class='ocrx_word' id='word_1_368' title='bbox 1690 1735 1777 1774; x_wconf 90' lang='lat' dir='ltr'>festi</span> <span class='ocrx_word' id='word_1_369' title='bbox 1793 1756 1802 1768; x_wconf 85' lang='lat'><strong>·</strong></span> <span class='ocrx_word' id='word_1_370' title='bbox 1847 1738 1974 1776; x_wconf 89' lang='lat' dir='ltr'>stabat</span> <span class='ocrx_word' id='word_1_371' title='bbox 1993 1737 2053 1776; x_wconf 82' lang='lat' dir='ltr'>ihs</span> <span class='ocrx_word' id='word_1_372' title='bbox 2100 1742 2138 1774; x_wconf 90' lang='lat' dir='ltr'>et</span> <span class='ocrx_word' id='word_1_373' title='bbox 2157 1736 2336 1775; x_wconf 89' lang='lat' dir='ltr'>dixerunt</span> <span class='ocrx_word' id='word_1_374' title='bbox 2355 1737 2410 1775; x_wconf 88' lang='lat' dir='ltr'>eis</span> <span class='ocrx_word' id='word_1_375' title='bbox 2426 1758 2435 1768; x_wconf 90' lang='lat'><strong>·</strong></span> <span class='ocrx_word' id='word_1_376' title='bbox 2477 1737 2550 1778; x_wconf 91' lang='lat' dir='ltr'>illi·</span> 
     </span>
    </p>
   </div>
   <div class='ocr_carea' id='block_1_4' title="bbox 555 1796 2504 1850">
    <p class='ocr_par' dir='ltr' id='par_1_4' title="bbox 555 1796 2504 1850">
     <span class='ocr_line' id='line_1_25' title="bbox 555 1796 2504 1850; baseline 0.001 -12"><span class='ocrx_word' id='word_1_377' title='bbox 555 1800 699 1850; x_wconf 91' lang='lat' dir='ltr'>accipit</span> <span class='ocrx_word' id='word_1_378' title='bbox 718 1800 840 1839; x_wconf 91' lang='lat' dir='ltr'>homo</span> <span class='ocrx_word' id='word_1_379' title='bbox 861 1801 901 1838; x_wconf 93' lang='lat' dir='ltr'>in</span> <span class='ocrx_word' id='word_1_380' title='bbox 921 1801 991 1839; x_wconf 89' lang='lat' dir='ltr'>sab</span> <span class='ocrx_word' id='word_1_381' title='bbox 1058 1798 1205 1838; x_wconf 79' lang='lat' dir='ltr'>⁸¹Mu1ti</span> <span class='ocrx_word' id='word_1_382' title='bbox 1218 1806 1347 1839; x_wconf 89' lang='lat' dir='ltr'>autem</span> <span class='ocrx_word' id='word_1_383' title='bbox 1360 1801 1409 1839; x_wconf 90' lang='lat' dir='ltr'>de</span> <span class='ocrx_word' id='word_1_384' title='bbox 1417 1801 1528 1840; x_wconf 89' lang='lat' dir='ltr'>turba</span> <span class='ocrx_word' id='word_1_385' title='bbox 1577 1796 1637 1836; x_wconf 88' lang='lat' dir='ltr'>*et</span> <span class='ocrx_word' id='word_1_386' title='bbox 1655 1798 1849 1838; x_wconf 88' lang='lat' dir='ltr'>clamabat</span> <span class='ocrx_word' id='word_1_387' title='bbox 1869 1799 2003 1839; x_wconf 92' lang='lat' dir='ltr'>dicens</span> <span class='ocrx_word' id='word_1_388' title='bbox 2016 1821 2025 1831; x_wconf 92' lang='lat'><strong>·</strong></span> <span class='ocrx_word' id='word_1_389' title='bbox 2100 1810 2218 1848; x_wconf 88' lang='lat' dir='ltr'>quare</span> <span class='ocrx_word' id='word_1_390' title='bbox 2237 1811 2320 1841; x_wconf 91' lang='lat' dir='ltr'>non</span> <span class='ocrx_word' id='word_1_391' title='bbox 2339 1799 2504 1841; x_wconf 86' lang='lat' dir='ltr'>adduxis</span> 
     </span>
    </p>
   </div>
   <div class='ocr_carea' id='block_1_5' title="bbox 553 1861 2522 2791">
    <p class='ocr_par' dir='ltr' id='par_1_5' title="bbox 553 1861 2519 2165">
     <span class='ocr_line' id='line_1_26' title="bbox 554 1861 2512 1914; baseline -0.002 -13"><span class='ocrx_word' id='word_1_392' title='bbox 554 1863 648 1901; x_wconf 87' lang='lat' dir='ltr'>bato</span> <span class='ocrx_word' id='word_1_393' title='bbox 661 1883 670 1892; x_wconf 91' lang='lat'><strong>·</strong></span> <span class='ocrx_word' id='word_1_394' title='bbox 713 1869 755 1901; x_wconf 93' lang='lat' dir='ltr'>ut</span> <span class='ocrx_word' id='word_1_395' title='bbox 774 1875 856 1901; x_wconf 90' lang='lat' dir='ltr'>non</span> <span class='ocrx_word' id='word_1_396' title='bbox 878 1863 988 1902; x_wconf 90' lang='lat' dir='ltr'>solua</span> <span class='ocrx_word' id='word_1_397' title='bbox 1059 1863 1304 1902; x_wconf 90' lang='lat' dir='ltr'>crediderunt</span> <span class='ocrx_word' id='word_1_398' title='bbox 1323 1864 1363 1901; x_wconf 93' lang='lat' dir='ltr'>in</span> <span class='ocrx_word' id='word_1_399' title='bbox 1385 1872 1488 1903; x_wconf 71' lang='lat' dir='ltr'>eu-·</span> <span class='ocrx_word' id='word_1_400' title='bbox 1597 1861 1629 1899; x_wconf 90' lang='lat' dir='ltr'>si</span> <span class='ocrx_word' id='word_1_401' title='bbox 1648 1861 1734 1912; x_wconf 90' lang='lat' dir='ltr'>quis</span> <span class='ocrx_word' id='word_1_402' title='bbox 1754 1862 1830 1900; x_wconf 90' lang='lat' dir='ltr'>sitit</span> <span class='ocrx_word' id='word_1_403' title='bbox 1848 1863 1979 1901; x_wconf 89' lang='lat' dir='ltr'>ueniat</span> <span class='ocrx_word' id='word_1_404' title='bbox 2098 1861 2146 1898; x_wconf 92' lang='lat' dir='ltr'>tis</span> <span class='ocrx_word' id='word_1_405' title='bbox 2162 1873 2252 1899; x_wconf 90' lang='lat' dir='ltr'>eum</span> <span class='ocrx_word' id='word_1_406' title='bbox 2268 1882 2277 1891; x_wconf 93' lang='lat'><strong>·</strong></span> <span class='ocrx_word' id='word_1_407' title='bbox 2308 1862 2337 1883; x_wconf 76' lang='lat'>⁴⁶</span> <span class='ocrx_word' id='word_1_408' title='bbox 2350 1862 2512 1914; x_wconf 86' lang='lat' dir='ltr'>Respon</span> 
     </span>
     <span class='ocr_line' id='line_1_27' title="bbox 553 1922 2445 1977; baseline -0.001 -13"><span class='ocrx_word' id='word_1_409' title='bbox 553 1932 614 1964; x_wconf 89' lang='lat' dir='ltr'>tur</span> <span class='ocrx_word' id='word_1_410' title='bbox 633 1925 695 1964; x_wconf 84' lang='lat' dir='ltr'>lex</span> <span class='ocrx_word' id='word_1_411' title='bbox 710 1925 858 1976; x_wconf 89' lang='lat' dir='ltr'>moysi·</span> <span class='ocrx_word' id='word_1_412' title='bbox 1058 1931 1096 1963; x_wconf 90' lang='lat' dir='ltr'>et</span> <span class='ocrx_word' id='word_1_413' title='bbox 1117 1925 1298 1964; x_wconf 88' lang='lat' dir='ltr'>dicebant</span> <span class='ocrx_word' id='word_1_414' title='bbox 1316 1930 1391 1977; x_wconf 68' lang='lat' dir='ltr'>xps</span> <span class='ocrx_word' id='word_1_415' title='bbox 1410 1934 1493 1965; x_wconf 66' lang='lat' dir='ltr'>cu·-</span> <span class='ocrx_word' id='word_1_416' title='bbox 1597 1924 1646 1962; x_wconf 91' lang='lat' dir='ltr'>ad</span> <span class='ocrx_word' id='word_1_417' title='bbox 1662 1924 1778 1965; x_wconf 86' lang='lat' dir='ltr'>meet</span> <span class='ocrx_word' id='word_1_418' title='bbox 1792 1925 1918 1964; x_wconf 89' lang='lat' dir='ltr'>bibat·</span> <span class='ocrx_word' id='word_1_419' title='bbox 1958 1926 1986 1947; x_wconf 77' lang='lat'>³⁸</span> <span class='ocrx_word' id='word_1_420' title='bbox 1998 1926 2065 1977; x_wconf 91' lang='lat' dir='ltr'>qui</span> <span class='ocrx_word' id='word_1_421' title='bbox 2100 1922 2238 1962; x_wconf 88' lang='lat' dir='ltr'>derunt</span> <span class='ocrx_word' id='word_1_422' title='bbox 2257 1925 2422 1963; x_wconf 90' lang='lat' dir='ltr'>ministri</span> <span class='ocrx_word' id='word_1_423' title='bbox 2436 1946 2445 1956; x_wconf 92' lang='lat'>·</span> 
     </span>
     <span class='ocr_line' id='line_1_28' title="bbox 555 1985 2511 2040; baseline -0.001 -15"><span class='ocrx_word' id='word_1_424' title='bbox 555 1988 650 2026; x_wconf 89' lang='lat' dir='ltr'>mihi</span> <span class='ocrx_word' id='word_1_425' title='bbox 670 1988 878 2027; x_wconf 89' lang='lat' dir='ltr'>irascimini</span> <span class='ocrx_word' id='word_1_426' title='bbox 902 1989 994 2040; x_wconf 91' lang='lat' dir='ltr'>quia</span> <span class='ocrx_word' id='word_1_427' title='bbox 1058 1989 1207 2027; x_wconf 91' lang='lat' dir='ltr'>uenerit</span> <span class='ocrx_word' id='word_1_428' title='bbox 1226 1990 1415 2040; x_wconf 89' lang='lat' dir='ltr'>numquid</span> <span class='ocrx_word' id='word_1_429' title='bbox 1597 1987 1718 2026; x_wconf 88' lang='lat' dir='ltr'>credit</span> <span class='ocrx_word' id='word_1_430' title='bbox 1737 1988 1777 2025; x_wconf 94' lang='lat' dir='ltr'>in</span> <span class='ocrx_word' id='word_1_431' title='bbox 1797 2000 1860 2027; x_wconf 89' lang='lat' dir='ltr'>me</span> <span class='ocrx_word' id='word_1_432' title='bbox 1918 1990 2015 2028; x_wconf 89' lang='lat' dir='ltr'>sicut</span> <span class='ocrx_word' id='word_1_433' title='bbox 2099 1985 2327 2037; x_wconf 91' lang='lat' dir='ltr'>Numquam</span> <span class='ocrx_word' id='word_1_434' title='bbox 2347 1988 2402 2026; x_wconf 91' lang='lat' dir='ltr'>sic</span> <span class='ocrx_word' id='word_1_435' title='bbox 2421 1987 2511 2028; x_wconf 89' lang='lat' dir='ltr'>locu</span> 
     </span>
     <span class='ocr_line' id='line_1_29' title="bbox 554 2050 2519 2102; baseline 0.002 -14"><span class='ocrx_word' id='word_1_436' title='bbox 554 2056 679 2089; x_wconf 87' lang='lat' dir='ltr'>totum</span> <span class='ocrx_word' id='word_1_437' title='bbox 699 2051 898 2090; x_wconf 88' lang='lat' dir='ltr'>hominem</span> <span class='ocrx_word' id='word_1_438' title='bbox 1057 2050 1167 2101; x_wconf 89' lang='lat' dir='ltr'>plura</span> <span class='ocrx_word' id='word_1_439' title='bbox 1189 2052 1301 2102; x_wconf 85' lang='lat' dir='ltr'>signa</span> <span class='ocrx_word' id='word_1_440' title='bbox 1320 2052 1423 2090; x_wconf 90' lang='lat' dir='ltr'>factu</span> <span class='ocrx_word' id='word_1_441' title='bbox 1597 2051 1692 2089; x_wconf 87' lang='lat' dir='ltr'>dixit</span> <span class='ocrx_word' id='word_1_442' title='bbox 1713 2051 1900 2102; x_wconf 88' lang='lat' dir='ltr'>scriptura</span> <span class='ocrx_word' id='word_1_443' title='bbox 1918 2052 1972 2090; x_wconf 90' lang='lat' dir='ltr'>flu</span> <span class='ocrx_word' id='word_1_444' title='bbox 2097 2054 2158 2087; x_wconf 90' lang='lat' dir='ltr'>tus</span> <span class='ocrx_word' id='word_1_445' title='bbox 2178 2055 2235 2088; x_wconf 88' lang='lat' dir='ltr'>est</span> <span class='ocrx_word' id='word_1_446' title='bbox 2253 2050 2373 2089; x_wconf 91' lang='lat' dir='ltr'>homo</span> <span class='ocrx_word' id='word_1_447' title='bbox 2387 2071 2396 2081; x_wconf 94' lang='lat'><strong>·</strong></span> <span class='ocrx_word' id='word_1_448' title='bbox 2439 2063 2519 2102; x_wconf 92' lang='lat' dir='ltr'>quo</span> 
     </span>
     <span class='ocr_line' id='line_1_30' title="bbox 555 2111 2463 2165; baseline 0.001 -15"><span class='ocrx_word' id='word_1_449' title='bbox 555 2123 694 2151; x_wconf 90' lang='lat' dir='ltr'>sanum</span> <span class='ocrx_word' id='word_1_450' title='bbox 713 2113 786 2152; x_wconf 90' lang='lat' dir='ltr'>feci</span> <span class='ocrx_word' id='word_1_451' title='bbox 806 2115 967 2152; x_wconf 89' lang='lat' dir='ltr'>sabbato</span> <span class='ocrx_word' id='word_1_452' title='bbox 983 2135 992 2144; x_wconf 91' lang='lat'><strong>·</strong></span> <span class='ocrx_word' id='word_1_453' title='bbox 1057 2125 1123 2152; x_wconf 91' lang='lat' dir='ltr'>rus</span> <span class='ocrx_word' id='word_1_454' title='bbox 1143 2120 1201 2165; x_wconf 83' lang='lat' dir='ltr'>est</span> <span class='ocrx_word' id='word_1_455' title='bbox 1239 2127 1357 2165; x_wconf 89' lang='lat' dir='ltr'>quam</span> <span class='ocrx_word' id='word_1_456' title='bbox 1377 2127 1453 2165; x_wconf 90' lang='lat' dir='ltr'>que</span> <span class='ocrx_word' id='word_1_457' title='bbox 1595 2114 1702 2151; x_wconf 87' lang='lat' dir='ltr'>mina</span> <span class='ocrx_word' id='word_1_458' title='bbox 1721 2114 1770 2152; x_wconf 91' lang='lat' dir='ltr'>de</span> <span class='ocrx_word' id='word_1_459' title='bbox 1789 2121 1923 2153; x_wconf 90' lang='lat' dir='ltr'>uentre</span> <span class='ocrx_word' id='word_1_460' title='bbox 1943 2115 2025 2154; x_wconf 91' lang='lat' dir='ltr'>eius</span> <span class='ocrx_word' id='word_1_461' title='bbox 2095 2111 2216 2150; x_wconf 90' lang='lat' dir='ltr'>modo</span> <span class='ocrx_word' id='word_1_462' title='bbox 2236 2112 2298 2151; x_wconf 92' lang='lat' dir='ltr'>hic</span> <span class='ocrx_word' id='word_1_463' title='bbox 2318 2113 2439 2152; x_wconf 89' lang='lat' dir='ltr'>homo</span> <span class='ocrx_word' id='word_1_464' title='bbox 2453 2134 2463 2144; x_wconf 91' lang='lat'><strong>·</strong></span> 
     </span>
    </p>

    <p class='ocr_par' dir='ltr' id='par_1_6' title="bbox 555 2174 2518 2539">
     <span class='ocr_line' id='line_1_31' title="bbox 555 2174 2439 2227; baseline 0.001 -14"><span class='ocrx_word' id='word_1_465' title='bbox 555 2174 585 2198; x_wconf 74' lang='lat'>²4</span> <span class='ocrx_word' id='word_1_466' title='bbox 597 2175 729 2215; x_wconf 91' lang='lat' dir='ltr'>Nolite</span> <span class='ocrx_word' id='word_1_467' title='bbox 744 2177 910 2215; x_wconf 88' lang='lat' dir='ltr'>iudicare</span> <span class='ocrx_word' id='word_1_468' title='bbox 926 2189 997 2227; x_wconf 92' lang='lat' dir='ltr'>per</span> <span class='ocrx_word' id='word_1_469' title='bbox 1056 2175 1120 2214; x_wconf 92' lang='lat' dir='ltr'>hic</span> <span class='ocrx_word' id='word_1_470' title='bbox 1140 2176 1252 2216; x_wconf 91' lang='lat' dir='ltr'>faecit</span> <span class='ocrx_word' id='word_1_471' title='bbox 1266 2198 1274 2207; x_wconf 95' lang='lat'><strong>·</strong></span> <span class='ocrx_word' id='word_1_472' title='bbox 1304 2176 1333 2198; x_wconf 76' lang='lat'>³²</span> <span class='ocrx_word' id='word_1_473' title='bbox 1343 2177 1471 2217; x_wconf 93' lang='lat' dir='ltr'>Audie</span> <span class='ocrx_word' id='word_1_474' title='bbox 1596 2176 1715 2215; x_wconf 91' lang='lat' dir='ltr'>fluent</span> <span class='ocrx_word' id='word_1_475' title='bbox 1734 2189 1834 2227; x_wconf 90' lang='lat' dir='ltr'>aque</span> <span class='ocrx_word' id='word_1_476' title='bbox 1854 2177 1943 2216; x_wconf 91' lang='lat' dir='ltr'>uiue</span> <span class='ocrx_word' id='word_1_477' title='bbox 1965 2198 1974 2208; x_wconf 87' lang='lat'><strong>·</strong></span> <span class='ocrx_word' id='word_1_478' title='bbox 1994 2199 2003 2208; x_wconf 91' lang='lat'>-</span> <span class='ocrx_word' id='word_1_479' title='bbox 2095 2175 2124 2196; x_wconf 74' lang='lat'>¹⁷</span> <span class='ocrx_word' id='word_1_480' title='bbox 2136 2174 2439 2226; x_wconf 89' lang='lat' dir='ltr'>Responderunt</span> 
     </span>
     <span class='ocr_line' id='line_1_32' title="bbox 557 2237 2434 2287; baseline 0.002 -11"><span class='ocrx_word' id='word_1_481' title='bbox 557 2239 740 2277; x_wconf 89' lang='lat' dir='ltr'>sonaliter</span> <span class='ocrx_word' id='word_1_482' title='bbox 782 2238 860 2277; x_wconf 90' lang='lat' dir='ltr'>Sed</span> <span class='ocrx_word' id='word_1_483' title='bbox 890 2239 949 2277; x_wconf 93' lang='lat' dir='ltr'>ius</span> <span class='ocrx_word' id='word_1_484' title='bbox 1056 2244 1144 2276; x_wconf 89' lang='lat' dir='ltr'>runt</span> <span class='ocrx_word' id='word_1_485' title='bbox 1163 2238 1315 2278; x_wconf 88' lang='lat' dir='ltr'>farisaei</span> <span class='ocrx_word' id='word_1_486' title='bbox 1334 2241 1443 2278; x_wconf 73' lang='lat' dir='ltr'>turba</span> <span class='ocrx_word' id='word_1_487' title='bbox 1562 2238 1588 2259; x_wconf 80' lang='lat'>⁸⁹</span> <span class='ocrx_word' id='word_1_488' title='bbox 1603 2238 1687 2277; x_wconf 84' lang='lat' dir='ltr'>Hoc</span> <span class='ocrx_word' id='word_1_489' title='bbox 1698 2246 1828 2281; x_wconf 85' lang='lat' dir='ltr'>autem</span> <span class='ocrx_word' id='word_1_490' title='bbox 1843 2240 1995 2279; x_wconf 87' lang='lat' dir='ltr'>dicebat</span> <span class='ocrx_word' id='word_1_491' title='bbox 2011 2240 2060 2279; x_wconf 93' lang='lat' dir='ltr'>de</span> <span class='ocrx_word' id='word_1_492' title='bbox 2094 2249 2189 2287; x_wconf 90' lang='lat' dir='ltr'>ergo</span> <span class='ocrx_word' id='word_1_493' title='bbox 2208 2238 2264 2276; x_wconf 92' lang='lat' dir='ltr'>eis</span> <span class='ocrx_word' id='word_1_494' title='bbox 2284 2237 2411 2280; x_wconf 85' lang='lat' dir='ltr'>farisei</span> <span class='ocrx_word' id='word_1_495' title='bbox 2425 2260 2434 2270; x_wconf 87' lang='lat'><strong>·</strong></span> 
     </span>
     <span class='ocr_line' id='line_1_33' title="bbox 555 2300 2496 2352; baseline 0.002 -13"><span class='ocrx_word' id='word_1_496' title='bbox 555 2307 638 2339; x_wconf 87' lang='lat' dir='ltr'>tum</span> <span class='ocrx_word' id='word_1_497' title='bbox 657 2301 842 2340; x_wconf 88' lang='lat' dir='ltr'>iudicium</span> <span class='ocrx_word' id='word_1_498' title='bbox 861 2302 940 2340; x_wconf 92' lang='lat' dir='ltr'>iudi</span> <span class='ocrx_word' id='word_1_499' title='bbox 1057 2308 1362 2340; x_wconf 88' lang='lat' dir='ltr'>murmurantem</span> <span class='ocrx_word' id='word_1_500' title='bbox 1383 2302 1431 2340; x_wconf 91' lang='lat' dir='ltr'>de</span> <span class='ocrx_word' id='word_1_501' title='bbox 1593 2304 1667 2350; x_wconf 74' lang='lat' dir='ltr'>spu</span> <span class='ocrx_word' id='word_1_502' title='bbox 1687 2313 1804 2351; x_wconf 89' lang='lat' dir='ltr'>quem</span> <span class='ocrx_word' id='word_1_503' title='bbox 1823 2302 1966 2352; x_wconf 89' lang='lat' dir='ltr'>incipie</span> <span class='ocrx_word' id='word_1_504' title='bbox 2095 2300 2285 2350; x_wconf 88' lang='lat' dir='ltr'>numquid</span> <span class='ocrx_word' id='word_1_505' title='bbox 2304 2307 2342 2339; x_wconf 89' lang='lat' dir='ltr'>et</span> <span class='ocrx_word' id='word_1_506' title='bbox 2361 2313 2434 2339; x_wconf 88' lang='lat' dir='ltr'>uos</span> <span class='ocrx_word' id='word_1_507' title='bbox 2454 2313 2496 2342; x_wconf 83' lang='lat' dir='ltr'>se</span> 
     </span>
     <span class='ocr_line' id='line_1_34' title="bbox 556 2361 2515 2416; baseline 0.001 -15"><span class='ocrx_word' id='word_1_508' title='bbox 556 2370 641 2402; x_wconf 89' lang='lat' dir='ltr'>cate</span> <span class='ocrx_word' id='word_1_509' title='bbox 656 2385 664 2394; x_wconf 91' lang='lat'>·</span> <span class='ocrx_word' id='word_1_510' title='bbox 680 2385 688 2394; x_wconf 92' lang='lat'><strong>·</strong></span> <span class='ocrx_word' id='word_1_511' title='bbox 730 2362 760 2385; x_wconf 82' lang='lat'>²⁵</span> <span class='ocrx_word' id='word_1_512' title='bbox 773 2364 967 2403; x_wconf 89' lang='lat' dir='ltr'>Dicebant</span> <span class='ocrx_word' id='word_1_513' title='bbox 1056 2363 1122 2401; x_wconf 88' lang='lat' dir='ltr'>illo</span> <span class='ocrx_word' id='word_1_514' title='bbox 1141 2363 1214 2401; x_wconf 90' lang='lat' dir='ltr'>ista</span> <span class='ocrx_word' id='word_1_515' title='bbox 1229 2385 1238 2394; x_wconf 91' lang='lat'><strong>·</strong></span> <span class='ocrx_word' id='word_1_516' title='bbox 1278 2363 1330 2402; x_wconf 92' lang='lat' dir='ltr'>Et</span> <span class='ocrx_word' id='word_1_517' title='bbox 1350 2364 1446 2403; x_wconf 90' lang='lat' dir='ltr'>mise</span> <span class='ocrx_word' id='word_1_518' title='bbox 1594 2365 1687 2402; x_wconf 88' lang='lat' dir='ltr'>bant</span> <span class='ocrx_word' id='word_1_519' title='bbox 1707 2364 1883 2415; x_wconf 88' lang='lat' dir='ltr'>accipere</span> <span class='ocrx_word' id='word_1_520' title='bbox 1938 2366 2005 2416; x_wconf 90' lang='lat' dir='ltr'>qui</span> <span class='ocrx_word' id='word_1_521' title='bbox 2095 2361 2199 2400; x_wconf 92' lang='lat' dir='ltr'>ducti</span> <span class='ocrx_word' id='word_1_522' title='bbox 2218 2363 2308 2401; x_wconf 91' lang='lat' dir='ltr'>estis</span> <span class='ocrx_word' id='word_1_523' title='bbox 2322 2384 2331 2393; x_wconf 92' lang='lat'><strong>·</strong></span> <span class='ocrx_word' id='word_1_524' title='bbox 2379 2364 2515 2404; x_wconf 77' lang='lat' dir='ltr'>⁴⁸num</span> 
     </span>
     <span class='ocr_line' id='line_1_35' title="bbox 555 2425 2518 2481; baseline 0.001 -17"><span class='ocrx_word' id='word_1_525' title='bbox 555 2438 650 2476; x_wconf 89' lang='lat' dir='ltr'>ergo</span> <span class='ocrx_word' id='word_1_526' title='bbox 671 2426 830 2477; x_wconf 92' lang='lat' dir='ltr'>quidam</span> <span class='ocrx_word' id='word_1_527' title='bbox 848 2439 897 2465; x_wconf 84' lang='lat' dir='ltr'>ex</span> <span class='ocrx_word' id='word_1_528' title='bbox 917 2426 957 2464; x_wconf 92' lang='lat' dir='ltr'>hi</span> <span class='ocrx_word' id='word_1_529' title='bbox 1055 2432 1144 2464; x_wconf 92' lang='lat' dir='ltr'>runt</span> <span class='ocrx_word' id='word_1_530' title='bbox 1158 2426 1356 2468; x_wconf 87' lang='lat' dir='ltr'>ministros</span> <span class='ocrx_word' id='word_1_531' title='bbox 1375 2425 1414 2465; x_wconf 83' lang='lat' dir='ltr'>sa</span> <span class='ocrx_word' id='word_1_532' title='bbox 1592 2426 1755 2465; x_wconf 89' lang='lat' dir='ltr'>credunt</span> <span class='ocrx_word' id='word_1_533' title='bbox 1774 2427 1814 2464; x_wconf 89' lang='lat' dir='ltr'>in</span> <span class='ocrx_word' id='word_1_534' title='bbox 1835 2439 1925 2465; x_wconf 90' lang='lat' dir='ltr'>eum</span> <span class='ocrx_word' id='word_1_535' title='bbox 1940 2448 1949 2458; x_wconf 88' lang='lat'><strong>·</strong></span> <span class='ocrx_word' id='word_1_536' title='bbox 2094 2425 2188 2481; x_wconf 90' lang='lat' dir='ltr'>quid</span> <span class='ocrx_word' id='word_1_537' title='bbox 2207 2426 2343 2476; x_wconf 88' lang='lat' dir='ltr'>aliquis</span> <span class='ocrx_word' id='word_1_538' title='bbox 2364 2439 2411 2465; x_wconf 86' lang='lat' dir='ltr'>ex</span> <span class='ocrx_word' id='word_1_539' title='bbox 2431 2425 2518 2479; x_wconf 71' lang='lat' dir='ltr'>prin</span> 
     </span>
     <span class='ocr_line' id='line_1_36' title="bbox 555 2487 2422 2539; baseline -0.001 -12"><span class='ocrx_word' id='word_1_540' title='bbox 555 2490 813 2539; x_wconf 85' lang='lat' dir='ltr'>erosolymitis</span> <span class='ocrx_word' id='word_1_541' title='bbox 869 2502 950 2528; x_wconf 93' lang='lat' dir='ltr'>non</span> <span class='ocrx_word' id='word_1_542' title='bbox 1057 2489 1172 2527; x_wconf 90' lang='lat' dir='ltr'>risaei</span> <span class='ocrx_word' id='word_1_543' title='bbox 1192 2495 1230 2527; x_wconf 92' lang='lat' dir='ltr'>et</span> <span class='ocrx_word' id='word_1_544' title='bbox 1249 2489 1446 2539; x_wconf 86' lang='lat' dir='ltr'>principes</span> <span class='ocrx_word' id='word_1_545' title='bbox 1592 2487 1783 2527; x_wconf 87' lang='lat' dir='ltr'>Nondum</span> <span class='ocrx_word' id='word_1_546' title='bbox 1802 2496 1929 2528; x_wconf 90' lang='lat' dir='ltr'>autem</span> <span class='ocrx_word' id='word_1_547' title='bbox 1950 2490 2000 2530; x_wconf 86' lang='lat' dir='ltr'>da</span> <span class='ocrx_word' id='word_1_548' title='bbox 2094 2488 2243 2538; x_wconf 89' lang='lat' dir='ltr'>cipibus</span> <span class='ocrx_word' id='word_1_549' title='bbox 2262 2489 2422 2528; x_wconf 91' lang='lat' dir='ltr'>credidit</span> 
     </span>
    </p>

    <p class='ocr_par' dir='ltr' id='par_1_7' title="bbox 555 2550 2522 2791">
     <span class='ocr_line' id='line_1_37' title="bbox 555 2550 2522 2602; baseline 0.002 -14"><span class='ocrx_word' id='word_1_550' title='bbox 555 2563 604 2590; x_wconf 91' lang='lat' dir='ltr'>ne</span> <span class='ocrx_word' id='word_1_551' title='bbox 625 2552 687 2589; x_wconf 91' lang='lat' dir='ltr'>hic</span> <span class='ocrx_word' id='word_1_552' title='bbox 707 2558 764 2590; x_wconf 92' lang='lat' dir='ltr'>est</span> <span class='ocrx_word' id='word_1_553' title='bbox 785 2565 902 2602; x_wconf 90' lang='lat' dir='ltr'>quem</span> <span class='ocrx_word' id='word_1_554' title='bbox 923 2564 999 2602; x_wconf 92' lang='lat' dir='ltr'>que</span> <span class='ocrx_word' id='word_1_555' title='bbox 1057 2551 1302 2590; x_wconf 86' lang='lat' dir='ltr'>sacerdotum</span> <span class='ocrx_word' id='word_1_556' title='bbox 1357 2558 1399 2590; x_wconf 90' lang='lat' dir='ltr'>ut</span> <span class='ocrx_word' id='word_1_557' title='bbox 1416 2551 1466 2590; x_wconf 90' lang='lat' dir='ltr'>ad</span> <span class='ocrx_word' id='word_1_558' title='bbox 1592 2557 1753 2590; x_wconf 88' lang='lat' dir='ltr'>tus-erat</span> <span class='ocrx_word' id='word_1_559' title='bbox 1773 2555 1839 2601; x_wconf 73' lang='lat' dir='ltr'>sps</span> <span class='ocrx_word' id='word_1_560' title='bbox 1859 2557 1921 2591; x_wconf 75' lang='lat' dir='ltr'>scs</span> <span class='ocrx_word' id='word_1_561' title='bbox 1938 2573 1947 2582; x_wconf 93' lang='lat'><strong>·</strong></span> <span class='ocrx_word' id='word_1_562' title='bbox 2093 2550 2133 2588; x_wconf 92' lang='lat' dir='ltr'>in</span> <span class='ocrx_word' id='word_1_563' title='bbox 2154 2563 2245 2589; x_wconf 91' lang='lat' dir='ltr'>eum</span> <span class='ocrx_word' id='word_1_564' title='bbox 2299 2558 2364 2590; x_wconf 88' lang='lat' dir='ltr'>aut</span> <span class='ocrx_word' id='word_1_565' title='bbox 2383 2565 2432 2591; x_wconf 86' lang='lat' dir='ltr'>ex</span> <span class='ocrx_word' id='word_1_566' title='bbox 2452 2553 2522 2592; x_wconf 88' lang='lat' dir='ltr'>fari</span> 
     </span>
     <span class='ocr_line' id='line_1_38' title="bbox 555 2613 2474 2664; baseline 0.002 -14"><span class='ocrx_word' id='word_1_567' title='bbox 555 2620 645 2652; x_wconf 91' lang='lat' dir='ltr'>runt</span> <span class='ocrx_word' id='word_1_568' title='bbox 665 2615 842 2653; x_wconf 88' lang='lat' dir='ltr'>occidere</span> <span class='ocrx_word' id='word_1_569' title='bbox 856 2636 865 2646; x_wconf 91' lang='lat'><strong>·</strong></span> <span class='ocrx_word' id='word_1_570' title='bbox 895 2614 922 2636; x_wconf 68' lang='lat'>²⁴³</span> <span class='ocrx_word' id='word_1_571' title='bbox 934 2615 986 2654; x_wconf 92' lang='lat' dir='ltr'>Et</span> <span class='ocrx_word' id='word_1_572' title='bbox 1055 2613 1342 2664; x_wconf 89' lang='lat' dir='ltr'>prehenderent</span> <span class='ocrx_word' id='word_1_573' title='bbox 1361 2622 1443 2653; x_wconf 78' lang='lat' dir='ltr'>eu&#39;·</span> <span class='ocrx_word' id='word_1_574' title='bbox 1457 2635 1466 2645; x_wconf 89' lang='lat'><strong>·</strong></span> <span class='ocrx_word' id='word_1_575' title='bbox 1591 2614 1683 2663; x_wconf 92' lang='lat' dir='ltr'>quia</span> <span class='ocrx_word' id='word_1_576' title='bbox 1703 2614 1762 2653; x_wconf 82' lang='lat' dir='ltr'>ihs</span> <span class='ocrx_word' id='word_1_577' title='bbox 1781 2614 1958 2653; x_wconf 90' lang='lat' dir='ltr'>nondum</span> <span class='ocrx_word' id='word_1_578' title='bbox 2093 2613 2169 2651; x_wconf 90' lang='lat' dir='ltr'>seis</span> <span class='ocrx_word' id='word_1_579' title='bbox 2184 2634 2192 2642; x_wconf 91' lang='lat'><em>-</em></span> <span class='ocrx_word' id='word_1_580' title='bbox 2222 2614 2251 2634; x_wconf 77' lang='lat'>⁴⁹</span> <span class='ocrx_word' id='word_1_581' title='bbox 2266 2613 2342 2652; x_wconf 89' lang='lat' dir='ltr'>Sed</span> <span class='ocrx_word' id='word_1_582' title='bbox 2362 2615 2474 2654; x_wconf 88' lang='lat' dir='ltr'>turba</span> 
     </span>
     <span class='ocr_line' id='line_1_39' title="bbox 557 2675 2482 2729; baseline 0.002 -16"><span class='ocrx_word' id='word_1_583' title='bbox 557 2688 649 2714; x_wconf 88' lang='lat' dir='ltr'>ecce</span> <span class='ocrx_word' id='word_1_584' title='bbox 668 2677 799 2726; x_wconf 82' lang='lat' dir='ltr'>paiam</span> <span class='ocrx_word' id='word_1_585' title='bbox 818 2678 926 2728; x_wconf 92' lang='lat' dir='ltr'>loqui</span> <span class='ocrx_word' id='word_1_586' title='bbox 1054 2675 1192 2715; x_wconf 79' lang='lat' dir='ltr'>³⁸Dixit</span> <span class='ocrx_word' id='word_1_587' title='bbox 1204 2689 1299 2727; x_wconf 88' lang='lat' dir='ltr'>ergo</span> <span class='ocrx_word' id='word_1_588' title='bbox 1311 2677 1387 2715; x_wconf 80' lang='lat' dir='ltr'>ihs·</span> <span class='ocrx_word' id='word_1_589' title='bbox 1401 2676 1541 2716; x_wconf 89' lang='lat' dir='ltr'>Adhuc</span> <span class='ocrx_word' id='word_1_590' title='bbox 1590 2676 1712 2715; x_wconf 88' lang='lat' dir='ltr'>fuerat</span> <span class='ocrx_word' id='word_1_591' title='bbox 1732 2677 1949 2716; x_wconf 91' lang='lat' dir='ltr'>honorifica</span> <span class='ocrx_word' id='word_1_592' title='bbox 2091 2676 2188 2714; x_wconf 90' lang='lat' dir='ltr'>haec</span> <span class='ocrx_word' id='word_1_593' title='bbox 2209 2689 2309 2729; x_wconf 86' lang='lat' dir='ltr'>quae</span> <span class='ocrx_word' id='word_1_594' title='bbox 2329 2690 2410 2717; x_wconf 92' lang='lat' dir='ltr'>non</span> <span class='ocrx_word' id='word_1_595' title='bbox 2429 2691 2482 2718; x_wconf 91' lang='lat' dir='ltr'>no</span> 
     </span>
     <span class='ocr_line' id='line_1_40' title="bbox 557 2739 2449 2791; baseline 0.002 -16"><span class='ocrx_word' id='word_1_596' title='bbox 557 2744 617 2775; x_wconf 89' lang='lat' dir='ltr'>tur</span> <span class='ocrx_word' id='word_1_597' title='bbox 637 2745 674 2776; x_wconf 89' lang='lat' dir='ltr'>et</span> <span class='ocrx_word' id='word_1_598' title='bbox 689 2739 782 2777; x_wconf 92' lang='lat' dir='ltr'>nihil</span> <span class='ocrx_word' id='word_1_599' title='bbox 797 2740 849 2777; x_wconf 90' lang='lat' dir='ltr'>illi</span> <span class='ocrx_word' id='word_1_600' title='bbox 865 2741 997 2780; x_wconf 92' lang='lat' dir='ltr'>dicunt</span> <span class='ocrx_word' id='word_1_601' title='bbox 1011 2762 1020 2772; x_wconf 91' lang='lat'><strong>·</strong></span> <span class='ocrx_word' id='word_1_602' title='bbox 1054 2745 1208 2790; x_wconf 85' lang='lat' dir='ltr'>tempus</span> <span class='ocrx_word' id='word_1_603' title='bbox 1227 2740 1426 2779; x_wconf 85' lang='lat' dir='ltr'>modicum</span> <span class='ocrx_word' id='word_1_604' title='bbox 1589 2746 1650 2777; x_wconf 89' lang='lat' dir='ltr'>tus</span> <span class='ocrx_word' id='word_1_605' title='bbox 1663 2760 1672 2770; x_wconf 90' lang='lat'><strong>·</strong></span> <span class='ocrx_word' id='word_1_606' title='bbox 1708 2739 1738 2763; x_wconf 77' lang='lat'>‘¹⁰</span> <span class='ocrx_word' id='word_1_607' title='bbox 1749 2740 1857 2779; x_wconf 91' lang='lat' dir='ltr'>multi</span> <span class='ocrx_word' id='word_1_608' title='bbox 1876 2753 1971 2791; x_wconf 87' lang='lat' dir='ltr'>ergo</span> <span class='ocrx_word' id='word_1_609' title='bbox 1990 2740 2038 2780; x_wconf 91' lang='lat' dir='ltr'>de</span> <span class='ocrx_word' id='word_1_610' title='bbox 2090 2739 2147 2777; x_wconf 94' lang='lat' dir='ltr'>uit</span> <span class='ocrx_word' id='word_1_611' title='bbox 2166 2739 2292 2790; x_wconf 86' lang='lat' dir='ltr'>legem</span> <span class='ocrx_word' id='word_1_612' title='bbox 2347 2740 2449 2780; x_wconf 89' lang='lat' dir='ltr'>male</span> 
     </span>
    </p>
   </div>
   <div class='ocr_carea' id='block_1_6' title="bbox 559 2799 2290 2853">
    <p class='ocr_par' dir='ltr' id='par_1_8' title="bbox 559 2799 2290 2853">
     <span class='ocr_line' id='line_1_41' title="bbox 559 2799 2290 2853; baseline 0.002 -16"><span class='ocrx_word' id='word_1_613' title='bbox 559 2799 759 2850; x_wconf 92' lang='lat' dir='ltr'>Numquid</span> <span class='ocrx_word' id='word_1_614' title='bbox 780 2814 869 2841; x_wconf 92' lang='lat' dir='ltr'>uere</span> <span class='ocrx_word' id='word_1_615' title='bbox 890 2816 967 2853; x_wconf 86' lang='lat' dir='ltr'>cog</span> <span class='ocrx_word' id='word_1_616' title='bbox 1053 2802 1259 2843; x_wconf 88' lang='lat' dir='ltr'>uobiscum</span> <span class='ocrx_word' id='word_1_617' title='bbox 1279 2815 1365 2843; x_wconf 86' lang='lat' dir='ltr'>sum</span> <span class='ocrx_word' id='word_1_618' title='bbox 1588 2804 1700 2842; x_wconf 90' lang='lat' dir='ltr'>turba</span> <span class='ocrx_word' id='word_1_619' title='bbox 1718 2816 1809 2843; x_wconf 90' lang='lat' dir='ltr'>cum</span> <span class='ocrx_word' id='word_1_620' title='bbox 1829 2803 2024 2844; x_wconf 89' lang='lat' dir='ltr'>audissent</span> <span class='ocrx_word' id='word_1_621' title='bbox 2090 2802 2182 2841; x_wconf 90' lang='lat' dir='ltr'>dicti</span> <span class='ocrx_word' id='word_1_622' title='bbox 2201 2809 2290 2841; x_wconf 90' lang='lat' dir='ltr'>sunt</span> 
     </span>
    </p>
   </div>
  </div>
 </body>
</html>
