2872 3268
346 315 430 348 1¹01.
446 317 506 350 ¹70,

534 198 592 255 36

536 312 641 364 prosi
657 333 667 343 ·
711 310 913 350 'Accessit

537 376 587 415 ad
607 387 697 414 eum
716 374 853 413 mulier

538 439 704 478 Habens
722 436 882 477 uasculii

536 500 724 551 unguenti
744 499 842 550 preti

536 564 595 604 osi
611 585 620 594 ·
650 569 688 603 et
706 561 842 601 infudit

536 638 652 677 super
671 624 799 675 capud
819 623 900 661 eius

536 689 786 728 recumbente
805 686 845 736 ip

537 763 582 790 so
596 772 605 781 ·
649 750 662 771 ⁸
674 749 861 788 Uidentes
881 759 931 785 au

535 820 614 851 tem
635 810 808 861 discipuli
827 809 909 848 eius
925 829 934 839 ·

534 874 725 924 indignati
739 879 829 912 sunt

538 938 710 976 dicentes
725 957 734 966 ·
762 941 806 974 ut
824 933 919 986 quid

536 999 700 1054 perditio
721 998 819 1037 haec
835 1019 845 1029 ·

536 1063 551 1084 ⁹
563 1062 693 1101 Potuit
711 1061 813 1099 istud
831 1072 886 1099 un

536 1131 723 1176 guenturn
742 1135 874 1162 uenun

536 1187 619 1226 dari
638 1187 761 1238 pretio
779 1192 818 1224 et
837 1185 888 1224 da

534 1250 566 1288 ri
585 1249 818 1300 pauperibus
841 1299 844 1303 Ι

535 1310 566 1334 ¹⁰
574 1312 832 1362 Cognoseens
854 1312 943 1349 auti}

1401 186 1715 235 SECUNDU-

1038 309 1067 331 ¹⁴
1079 308 1196 347 Tunc
1215 307 1305 346 abiit
1322 318 1423 346 unus

1038 371 1087 410 de
1107 369 1313 408 duodecim
1329 389 1338 399 ·

1038 433 1104 483 qui
1124 432 1259 470 dicitur
1277 430 1390 471 iudas

1038 496 1204 534 scariota
1220 515 1229 525 ·
1259 493 1310 532 ad

1037 557 1232 608 principes
1252 568 1360 594 sacer

1037 620 1173 659 dotum
1200 618 1231 640 ¹⁵
1243 625 1281 658 et
1299 619 1351 658 ait
1370 618 1397 657 il

1037 682 1083 721 lis
1098 703 1107 712 ·
1138 681 1231 732 quid
1249 681 1315 720 uul

1037 745 1084 783 tis
1103 744 1197 783 mihi
1216 744 1308 783 dare
1327 750 1366 783 et

1036 820 1112 858 ego
1131 819 1221 847 eum
1238 807 1352 846 uobis

1038 870 1188 910 tradam
1205 891 1214 901 ·
1229 891 1238 901 ·
1270 875 1309 909 at
1327 869 1380 908 illi

1039 933 1318 972 constituerunt

1039 996 1076 1035 ei
1095 996 1250 1046 triginta
1270 1001 1330 1034 sta

1039 1065 1140 1097 teres
1155 1079 1165 1089 ·
1207 1057 1237 1080 ¹⁰
1246 1056 1401 1097 Exinde

1040 1122 1227 1172 querebat
1247 1133 1347 1172 opor

1040 1185 1246 1223 tunitatem
1292 1190 1335 1222 ut

1041 1259 1132 1286 eum
1151 1246 1320 1286 traderet

1042 1310 1098 1348 eis
1111 1331 1120 1340 ·
1163 1308 1193 1332 ¹⁷
1204 1309 1330 1360 prima
1349 1320 1399 1348 au

536 1375 596 1414 ihs
609 1375 660 1413 ait
670 1374 758 1412 illis·
780 1373 874 1424 quid
914 1381 1032 1416 cenadi
1043 1379 1122 1415 tem
1141 1384 1367 1423 azymorum
1382 1392 1392 1402 ·

536 1437 691 1476 molesti
709 1437 798 1476 estis
817 1448 885 1474 mu

535 1499 619 1539 lieri
663 1511 764 1550 opus
781 1498 886 1538 enim

539 1653 690 1691 bonum
709 1656 870 1701 operata

1042 1435 1301 1475 Accesserunt
1319 1434 1378 1473 dis

1045 1497 1162 1549 cipuli
1180 1497 1231 1536 ad
1250 1497 1331 1535 ihm

1046 1646 1219 1686 dicentes
1234 1646 1270 1685 ei
1286 1666 1295 1677 ·
1325 1645 1405 1685 Ubi

541 1720 599 1752 est
618 1714 657 1751 in
677 1725 741 1751 me
758 1733 767 1743 ·
805 1711 835 1733 ¹¹
848 1711 1012 1762 Semper
1043 1709 1104 1747 uis
1122 1720 1304 1759 paremus
1323 1709 1391 1747 tibi

541 1776 645 1815 enim
664 1786 855 1826 pauperes

539 1838 730 1878 habebitis
747 1837 861 1876 uobis

541 1913 633 1940 cum
648 1921 658 1930 ·
686 1913 750 1939 me
770 1892 901 1938 autem

540 1976 624 2003 non
643 1975 798 2014 semper
816 1962 868 2001 ha

539 2026 680 2066 bebitis
697 2043 706 2052 ·
751 2023 781 2046 ¹²
792 2025 949 2063 mittens

539 2089 644 2127 enim
662 2088 734 2127 hec
752 2109 761 2119 ·
781 2100 940 2138 unguen

539 2158 624 2191 tum
643 2150 717 2190 hoc
737 2151 777 2188 in
797 2162 864 2189 cor

541 2226 616 2265 pus
635 2225 767 2252 meum
784 2235 792 2243 ·
841 2212 892 2251 ad
912 2224 954 2251 se

541 2277 764 2328 peliendum
783 2288 848 2314 me
867 2275 903 2314 fe

541 2340 594 2379 cit
610 2360 619 2370 ·
660 2339 688 2361 ¹³
700 2339 830 2377 Amen
850 2341 938 2377 aute

544 2403 632 2442 dico
653 2402 767 2441 uobis
783 2422 791 2431 ·
822 2401 888 2439 ubi

542 2477 709 2515 cumque
729 2465 839 2503 fuerit

541 2528 784 2578 predicatum
801 2538 903 2566 euan

543 2590 685 2640 gelium
707 2590 781 2629 hoc
802 2590 842 2628 in
861 2596 902 2628 to

543 2658 584 2690 to
604 2653 752 2693 mundo
772 2653 859 2691 dice

544 2721 606 2752 tur
621 2735 630 2745 ο
659 2722 697 2753 et
716 2715 823 2766 quod
841 2715 877 2754 fe

547 2778 600 2815 cit
618 2777 713 2815 haec
733 2778 773 2815 in
791 2790 922 2817 memo

545 2839 641 2877 riam
660 2839 776 2889 ipsius
791 2859 799 2870 ·

1043 1783 1204 1822 pascam
1223 1771 1371 1810 mandu

1044 1846 1132 1873 care
1148 1854 1157 1864 ·
1200 1832 1230 1855 ¹⁸
1242 1834 1294 1872 At
1308 1834 1370 1873 ille
1383 1833 1478 1873 dixit
1491 1854 1499 1864 ·

1044 1896 1104 1936 Ite
1123 1897 1164 1935 in
1183 1897 1378 1936 ciuitatem

1043 1959 1094 1998 ad
1113 1960 1311 2010 quendam
1362 1965 1402 1998 et

1043 2022 1158 2061 dicite
1203 2022 1387 2072 magister

1042 2085 1133 2124 dicit
1153 2106 1162 2116 ·
1192 2084 1370 2135 Tempus

1043 2160 1176 2186 meum
1196 2160 1321 2198 prope
1339 2153 1398 2186 est
1411 2167 1420 2178 ·

1044 2209 1153 2260 Aput
1171 2216 1208 2248 te
1228 2210 1369 2249 faciam
1388 2221 1460 2260 pas

1046 2285 1094 2311 ca
1114 2284 1204 2311 cum
1224 2271 1422 2322 discipulis

1045 2334 1164 2373 meis·
1207 2333 1236 2355 ¹⁹
1248 2341 1286 2372 et
1309 2334 1395 2373 fece

1045 2403 1135 2436 runt
1153 2397 1332 2448 discipuli

1046 2460 1144 2499 sicut
1162 2459 1360 2498 constituit

1044 2522 1116 2561 illis
1135 2522 1194 2561 ihs
1210 2542 1219 2552 ·
1249 2528 1287 2560 et
1306 2533 1402 2572 para

1046 2591 1184 2623 uerunt
1203 2584 1352 2635 pascha

1046 2645 1076 2668 ²⁰
1087 2646 1261 2699 Uespere
1281 2653 1412 2685 autem

1047 2710 1152 2749 facto
1171 2709 1367 2748 discubuit

1047 2785 1139 2812 cum
1158 2772 1366 2811 duodecim

1046 2835 1246 2887 discipulis
1260 2855 1270 2865 ·

1572 306 1600 328 ²¹
1613 307 1664 346 Et
1682 306 1884 346 edentibus
1902 307 1974 346 illis

1573 370 1667 409 dixit
1683 390 1692 400 ·
1721 370 1851 408 Amen

1575 433 1663 472 dico
1682 433 1793 472 uobis
1811 432 1912 483 quod

1574 507 1675 534 unus
1694 508 1743 534 ex
1761 496 1875 535 uobis

1575 557 1781 597 traditurus
1799 565 1859 597 est

1575 633 1639 659 me
1656 641 1665 651 ·
1708 619 1738 643 ²²
1748 620 1800 660 Et
1819 621 1964 660 contris

1575 682 1643 721 tati
1661 683 1776 722 nimis
1835 696 1907 723 coe

1575 752 1715 796 perunt
1732 745 1859 787 dicere

1576 809 1717 859 singuli
1735 821 1830 847 num

1577 872 1671 922 quid
1689 884 1765 923 ego
1784 884 1871 911 sum
1890 871 1967 912 dfie

1578 935 1607 957 ²⁸
1619 935 1672 974 At
1690 935 1773 986 ipse
1793 948 1937 987 respon

1578 997 1675 1037 dens
1694 999 1770 1037 ait·
1801 999 1868 1049 qui
1885 999 1926 1037 in

1578 1062 1726 1112 tinguet
1745 1073 1902 1101 mecum

1580 1136 1741 1163 manum
1787 1125 1828 1163 in
1847 1137 1899 1175 pa

1580 1187 1733 1238 rapside
1751 1187 1814 1226 hic
1833 1200 1898 1226 me

1580 1249 1704 1289 tradet
1716 1270 1725 1280 ·
1764 1248 1856 1289 24Εῑ
1875 1249 1927 1288 fili

1580 1325 1627 1351 us
1646 1312 1804 1363 quidem
1821 1312 1848 1351 h
1871 1312 1924 1352 ho

1582 1375 1698 1414 minis
1716 1375 1823 1414 uadit
1841 1375 1873 1414 si

1582 1444 1646 1478 cut
1665 1438 1851 1490 scriptum

1581 1507 1640 1540 est
1659 1500 1707 1539 de
1727 1513 1776 1540 eo
1791 1521 1800 1531 ·
1844 1499 1932 1540 Uae

1581 1569 1711 1603 autem
1728 1563 1878 1603 homini
1895 1563 1949 1602 illi

1581 1666 1651 1704 per
1669 1665 1787 1704 quem
1805 1653 1904 1692 filius

1583 1716 1751 1755 hominis
1770 1717 1878 1755 trade

1584 1785 1646 1818 tur
1659 1800 1667 1808 ·
1697 1780 1847 1818 bonum

1552 1863 1558 1868 -
1584 1849 1666 1881 erat
1684 1842 1737 1880 illi
1757 1843 1788 1880 si
1808 1854 1890 1881 non

1584 1904 1717 1944 suisset
1736 1910 1851 1943 natus

1585 1967 1707 2006 homo
1726 1967 1787 2006 ille
1800 1988 1809 1997 ·

1584 2028 1614 2052 ²⁵
1629 2030 1889 2081 Respondens
1909 2042 1958 2070 au

1584 2100 1663 2132 tem
1683 2093 1795 2133 iudas
1814 2094 1880 2144 qui

1583 2155 1791 2195 traditurus
1810 2162 1892 2194 erat

1583 2230 1675 2256 eum
1693 2218 1809 2257 dixit·
1839 2229 1934 2257 num

1584 2280 1678 2331 quid
1697 2292 1773 2331 ego
1792 2293 1880 2319 sum

1584 2343 1695 2381 rabbi
1712 2359 1720 2368 ·
1751 2343 1817 2381 Ait
1836 2343 1889 2382 illi

1585 2405 1645 2443 ihs
1700 2411 1743 2443 tu
1762 2405 1921 2444 dixisisti
1934 2426 1943 2436 ·

1584 2465 1614 2489 ²⁶
1625 2466 1727 2518 Ipsis
1747 2474 1877 2506 autern
1897 2479 1943 2506 ce

1584 2530 1766 2569 nantibus
1780 2550 1790 2560 ·
1819 2529 1880 2568 Ac

1585 2592 1688 2644 cepit
1707 2592 1766 2630 ihs
1785 2598 1921 2643 pane-

1586 2662 1624 2694 et
1642 2655 1880 2694 benedicens
1892 2675 1902 2686 ·

1586 2717 1696 2769 fregit
1715 2725 1752 2756 et
1771 2717 1878 2756 dedit

1588 2781 1788 2832 discipulis
1806 2781 1886 2819 suis
1902 2800 1911 2811 ·

1585 2849 1625 2882 et
1644 2844 1715 2883 ait·
1745 2843 1912 2894 Accipte

1584 2912 1622 2945 et
1640 2906 1873 2946 manducate

2282 201 2423 245 [xxm.
2440 200 2544 247 6-34‘.

2076 308 2169 348 Hoc
2189 314 2248 347 est
2265 321 2407 360 corpus

2077 384 2208 411 meum
2226 393 2236 403 ·
2277 371 2307 395 ²⁷
2318 380 2357 411 et
2375 373 2458 412 acci

2079 435 2190 486 piens
2210 435 2394 474 calicem-

2080 497 2221 548 gratias
2240 510 2360 548 agens
2379 498 2429 537 de

2081 560 2136 599 dit
2154 560 2226 599 illis
2245 561 2380 599 dicens
2396 582 2406 591 ·

2081 623 2199 662 bibite
2218 635 2268 661 ex
2289 623 2363 662 hoc
2383 635 2452 662 om

2082 697 2153 723 nes
2170 709 2178 718 ·
2223 684 2250 706 ²⁸
2263 685 2325 724 hic
2345 692 2403 725 est
2422 689 2487 725 eni

2082 748 2241 798 sanguis
2259 760 2370 787 meus

2083 812 2176 850 noui
2195 811 2415 850 testamenti
2429 827 2440 838 ·

2083 874 2149 926 qui
2168 886 2241 924 pro
2261 874 2390 913 multis
2405 874 2449 913 ef

2082 936 2263 975 fundetur
2281 937 2321 975 in
2339 949 2380 975 re

2082 1000 2248 1039 misione
2267 1012 2389 1050 pecca

2083 1069 2234 1102 torum·
2276 1061 2304 1085 ²⁹
2316 1063 2418 1101 Dico
2437 1074 2488 1102 au

2084 1131 2164 1164 tem
2182 1125 2295 1164 uobis
2311 1146 2319 1155 -
2349 1137 2431 1164 non

2084 1188 2218 1227 bibam
2237 1188 2381 1227 amodo

2086 1250 2134 1289 de
2154 1250 2227 1290 hac
2247 1257 2422 1290 creatura

2085 1313 2173 1352 uitis
2189 1334 2198 1343 ·
2237 1325 2360 1364 usque
2379 1313 2420 1350 in

2087 1375 2191 1414 diem
2209 1375 2316 1414 illum
2331 1396 2341 1406 ·
2371 1374 2475 1414 Cum

2086 1438 2180 1477 illud
2198 1439 2331 1477 bibam
2350 1435 2462 1478 uobis

2088 1513 2178 1540 cum
2196 1501 2236 1539 in
2254 1513 2376 1551 regno
2394 1512 2447 1551 pa

2086 1564 2153 1602 tris
2171 1563 2248 1602 mei
2260 1584 2270 1594 ·
2298 1563 2328 1585 ⁸⁰
2338 1563 2390 1602 Et
2406 1575 2528 1615 ymno

2088 1651 2193 1692 dicto
2212 1652 2388 1690 exierunt

2087 1715 2128 1753 in
2147 1721 2283 1754 monte
2302 1714 2433 1754 oliueti
2448 1735 2459 1745 ·

2089 1777 2118 1799 ³²
2130 1777 2245 1817 Tunc
2265 1778 2356 1817 dicit
2375 1777 2446 1816 illis
2464 1776 2525 1816 ihs

2088 1852 2228 1879 omnes
2246 1852 2319 1879 uos
2339 1852 2434 1879 scan

2088 1902 2220 1942 dalum
2239 1903 2437 1953 patiemini

2088 1966 2129 2004 in
2148 1978 2212 2004 me
2231 1966 2271 2003 in
2290 1965 2391 2004 hista
2409 1977 2487 2005 noc

2088 2035 2126 2067 te
2142 2050 2151 2059 ·
2182 2029 2364 2080 scriptum
2385 2035 2445 2068 est

2089 2091 2194 2130 enim
2212 2091 2425 2142 percutiam

2088 2161 2287 2206 pastorem
2305 2161 2342 2193 et
2361 2154 2420 2193 dis

2088 2223 2297 2268 pergentur
2315 2229 2414 2256 oues

2087 2280 2218 2331 gregis
2234 2300 2244 2310 ·
2261 2300 2270 2310 ·
2313 2279 2343 2303 ⁸²
2355 2278 2433 2318 Sed

2089 2349 2297 2395 postquam
2316 2354 2425 2381 resur

2087 2418 2225 2444 rexero
2250 2405 2450 2456 preceda-

2089 2480 2161 2507 uos
2180 2468 2220 2506 in
2238 2468 2376 2518 galilea
2390 2488 2400 2498 ·
2420 2489 2476 2495 -

2089 2531 2118 2552 33
2131 2531 2392 2581 Respondens
2410 2537 2532 2570 aute-

2088 2601 2220 2645 petrus
2239 2594 2291 2632 ait
2309 2594 2369 2632 ei·
2400 2593 2440 2633 Si

2089 2669 2228 2696 omnes
2247 2657 2468 2696 scandaliza

2088 2720 2232 2758 buntur
2252 2720 2292 2758 in
2310 2726 2349 2759 te
2412 2731 2489 2770 ego

2088 2794 2304 2832 numquam
2324 2782 2470 2821 scanda

2088 2845 2234 2885 lizabor
2248 2869 2256 2878 ·
2298 2845 2327 2866 ³⁴
2342 2845 2432 2884 dicit
2449 2844 2504 2883 illi

2088 2908 2147 2948 ihs
2164 2925 2172 2935 ·
2203 2920 2318 2948 amen
2338 2907 2425 2947 dico
2445 2907 2512 2947 tibi

2559 318 2648 355 1⁸01.
2658 318 2716 351 ⁷1.
2728 338 2734 346 .
