2872 3268
1360 218 1660 266 SECUNDU

1560 350 1724 391 8Omnis
1743 350 1848 390 enirn
1867 351 1934 401 qui

1560 413 1657 463 petit
1676 414 1839 464 accipit·
1881 420 1920 452 et

1561 476 1626 525 qui
1647 476 1770 526 querit
1793 476 1884 515 inue

1562 538 1619 581 nit
1660 544 1699 576 et
1717 538 1887 588 pulsanti

1562 601 1752 651 aperietur
1765 621 1773 630 ·

1561 663 1662 702 ”Aut
1681 664 1767 713 quis
1787 670 1846 703 est
1865 676 1914 703 ex
1933 676 1986 703 uo

1560 726 1621 766 bis
1640 727 1763 765 homo
1781 744 1789 753 ·
1831 739 1949 777 quem

1562 790 1594 827 si
1612 796 1718 840 petat
1738 790 1837 828 filius
1857 803 1908 840 pa

1561 865 1652 891 nem
1702 853 1890 903 numquid

1560 916 1730 967 lapidem
1749 917 1855 967 porri

1561 986 1626 1029 get
1647 979 1682 1018 ei
1699 995 1706 1004 ·
1743 979 1858 1018 ¹⁰Aut
1879 978 1910 1018 si
1930 980 1990 1030 pis

1562 1054 1649 1080 cem
1669 1042 1764 1092 petit
1779 1063 1787 1071 ·
1829 1055 1924 1081 num

1561 1104 1655 1154 quid
1674 1111 1896 1155 serpentem

1561 1166 1670 1205 dabit
1689 1167 1725 1205 ei
1742 1183 1750 1192 ·
1791 1166 1866 1205 1¹Si
1887 1179 1983 1217 ergo

1561 1241 1634 1268 uos
1655 1241 1746 1267 curn
1766 1229 1845 1268 sitis
1865 1240 1930 1268 ma

1562 1291 1587 1329 li
1604 1308 1611 1318 ·
1655 1293 1779 1331 nostis
1798 1292 1903 1330 bona

1564 1354 1653 1393 data
1673 1355 1765 1394 dare
1785 1354 1871 1393 filiis

1562 1417 1724 1456 uestris·
1763 1429 1868 1468 quan

1562 1486 1603 1518 to
1623 1479 1747 1530 magis
1765 1486 1874 1530 pater

1561 1548 1688 1581 uester
1707 1543 1772 1593 qui
1791 1542 1831 1580 in
1851 1555 1921 1581 cae

1598 1629 1633 1661 in
1649 1633 1749 1671 caput
1764 1629 1985 1672 quadragisim

1561 1682 1607 1721 lis
1627 1689 1686 1721 est
1705 1683 1810 1721 dabit
1829 1683 1934 1721 bona

1561 1745 1779 1796 petentibus
1799 1757 1839 1784 se
1856 1763 1864 1771 ·

1562 1808 1591 1830 ¹²
1599 1807 1745 1847 Omnia
1763 1819 1860 1858 ergo
1879 1820 1980 1859 quae

1562 1882 1730 1920 cumque
1748 1869 1864 1909 uultis

1561 1939 1603 1972 ut
1623 1932 1765 1971 faciant
1781 1933 1895 1971 uobis

1563 1995 1742 2034 homines
1793 1995 1844 2033 ita
1862 2001 1901 2032 et

1562 2069 1635 2096 uos
1654 2050 1769 2096 facite
1786 2057 1860 2096 illis
1873 2078 1881 2087 ·

1565 2120 1678 2159 Haec
1696 2126 1755 2159 est
1774 2120 1879 2159 enim
1896 2120 1959 2159 lex
1979 2126 2017 2159 et

1563 2183 1738 2234 profetae
1753 2201 1761 2210 ·
1809 2183 1977 2226 †¹⁸Intra

1562 2254 1600 2284 te
1619 2258 1690 2296 per
1704 2252 1909 2296 angustam

1565 2315 1720 2360 portam
1736 2329 1744 2338 ·
1785 2321 1904 2359 quam

1565 2372 1642 2410 lata
1660 2379 1774 2421 porta
1793 2377 1831 2409 et
1847 2383 1919 2421 spa

1565 2435 1666 2472 tiosa
1684 2434 1747 2472 uia
1766 2446 1865 2484 quae
1885 2434 1938 2472 du

1565 2497 1617 2535 cit
1634 2496 1675 2534 in
1689 2496 1904 2546 perditione

1565 2558 1617 2596 Et
1635 2558 1745 2596 multi
1768 2564 1855 2596 sunt
1875 2557 1941 2608 qui

1564 2622 1709 2659 intrant
1727 2633 1796 2671 per
1814 2633 1902 2659 eam
1918 2637 1926 2646 -

1566 2683 1734 2731 1“Quam
1753 2690 1916 2734 angusta
1934 2690 1993 2723 est

1566 2752 1680 2797 porta
1724 2752 1763 2784 et
1781 2752 1862 2784 arta
1881 2746 1944 2785 uia
1959 2767 1967 2775 ·

1567 2821 1666 2860 quae
1686 2808 1790 2848 ducit
1805 2808 1855 2848 ad
1873 2809 1994 2848 uita--

1565 2878 1604 2911 et
1622 2871 1737 2923 pauci
1756 2879 1846 2912 sunt

2307 233 2402 275 [VII.
2420 235 2528 268 8-21.
2551 216 2554 217 ⁷

2065 350 2131 400 qui
2149 350 2353 391 inueniunt

2065 424 2153 450 eam
2167 430 2175 439 ·
2217 412 2398 453 ¹⁵Atendi
2456 405 2460 407 ⁴

2065 480 2103 512 te
2123 481 2253 514 autem
2273 489 2296 514 a
2319 476 2371 515 fal

2066 537 2118 576 sis
2137 538 2298 588 profetis
2317 540 2383 590 qui

2065 600 2228 639 ueniunt
2247 601 2297 640 ad
2315 614 2388 641 uos

2065 662 2106 700 in
2132 663 2371 703 uestimentis

2066 725 2200 764 ouium
2215 741 2225 752 ·
2266 726 2358 765 abin

2066 793 2128 826 tus
2148 794 2277 827 autem
2297 795 2386 828 sunt

2066 850 2146 900 lupi
2164 863 2326 901 rapaces
2341 869 2350 878 ·

2064 911 2122 951 ¹⁶a
2140 912 2327 953 fructibus
2345 926 2394 953 eo

2065 987 2151 1013 rum
2171 988 2372 1027 cognosce

2040 1075 2045 1078 .
2063 1038 2113 1076 tis
2128 1051 2197 1077 eos
2213 1056 2221 1065 ·
2253 1038 2361 1077 Num

2065 1100 2159 1151 quid
2178 1101 2366 1151 colligunt
2386 1101 2436 1141 de

2065 1163 2186 1213 spinis
2203 1181 2211 1190 ·
2225 1176 2273 1202 u·
2292 1176 2336 1203 as
2351 1182 2359 1190 ·
2374 1164 2455 1203 Aut

2005 1233 2008 1236 '
2066 1226 2115 1264 de
2134 1226 2282 1264 tribulis
2302 1226 2410 1266 ficos.

2065 1287 2094 1310 ¹⁷
2102 1288 2163 1327 Sic
2184 1284 2311 1327 omnis
2331 1290 2448 1327 arbor

2064 1351 2170 1389 bona
2190 1350 2335 1390 fructus
2354 1352 2403 1389 b⁰

2065 1425 2138 1451 nus
2157 1412 2249 1451 facit
2264 1429 2272 1437 ·
2315 1413 2419 1452 mala

2065 1481 2194 1514 autem
2213 1476 2328 1514 arbor
2346 1487 2413 1514 ma

2065 1537 2125 1576 los
2144 1537 2290 1576 fructus
2311 1537 2401 1577 facit

2065 1685 2195 1725 1‘³N011
2213 1692 2345 1737 potest
2363 1688 2479 1726 arbor

2065 1750 2171 1788 bona
2189 1748 2315 1788 malos
2334 1749 2418 1788 fruc

2066 1818 2128 1850 tus
2147 1810 2274 1850 facere
2289 1828 2297 1837 ·
2337 1824 2387 1850 ne

2066 1886 2143 1924 que
2162 1874 2277 1913 arbor
2295 1875 2398 1913 mala

2065 1935 2209 1975 fructus
2228 1937 2356 1975 bonus

2065 1998 2189 2037 facere
2203 2017 2211 2026 ·
2252 1998 2428 2038 ¹⁹Omnis

2063 2062 2178 2100 arbor
2195 2073 2296 2112 quae
2314 2073 2398 2100 non

2065 2123 2156 2162 facit
2173 2123 2339 2163 fructum
2358 2124 2411 2162 bo

2065 2197 2161 2224 num
2175 2185 2372 2224 excidetur

2066 2254 2104 2286 et
2123 2248 2163 2286 in
2182 2248 2315 2298 ignem
2333 2248 2404 2287 mit

2065 2316 2164 2348 tetur
2177 2328 2185 2336 -
2225 2310 2256 2331 ²⁰
2263 2310 2385 2360 Igitur

2065 2384 2115 2410 ex
2134 2371 2319 2410 fructibus
2338 2383 2386 2410 eo

2065 2446 2152 2472 rum
2171 2434 2417 2484 cognoscetis

2067 2508 2136 2535 eos
2149 2514 2157 2523 ·
2199 2496 2315 2535 2¹non
2334 2496 2464 2535 omnis

2066 2559 2132 2610 qui
2152 2558 2244 2597 dicit
2261 2558 2357 2597 mihi
2377 2559 2453 2597 dfie

2066 2622 2142 2660 dfie
2161 2621 2315 2660 intrabit
2328 2621 2370 2659 in

2066 2696 2233 2734 regnum
2251 2683 2409 2722 caelorfi
2425 2705 2434 2714 ·

2069 2747 2147 2785 Sed
2167 2747 2232 2797 qui
2251 2746 2340 2785 facit
2358 2745 2452 2785 uolfi

2067 2816 2185 2848 tatem
2204 2809 2322 2861 patris
2341 2808 2419 2847 mei

2067 2872 2133 2924 qui
2151 2872 2191 2911 in
2210 2871 2324 2912 caelis
2343 2878 2422 2910 est·

2550 358 2632 393 1¹01.
2647 359 2707 395 15.

2858 1059 2872 1108 ’l

2860 1110 2872 1156 ’,ς

2857 1155 2872 1196 ἓ

2854 1197 2872 1248 ,ἓ

2860 1241 2872 1387 Ξ

2860 1413 2872 1445 1

2863 1445 2872 1525 ÷z
