2872 3268
274 217 302 250 1·
332 217 447 262 5-34·]

7 381 16 391 ·
75 381 160 414 ποι.
177 382 238 414 83.
276 374 388 416 ‘Fuit
407 378 448 416 in
469 378 607 418 diebus
627 377 721 419 hero

277 438 337 478 dis
357 441 460 490 regis
479 442 616 480 iudeae

276 503 460 542 sacerdos
479 505 640 554 quidam
656 525 665 535 ·

274 566 436 605 nomine
451 567 648 607 zacharias
663 588 672 598 ·

276 628 326 667 de
344 629 431 667 uice
452 631 540 669 abia
553 651 562 661 ·
606 637 644 670 et
661 643 714 670 ux

275 702 322 730 or
340 692 392 729 illi
412 693 461 731 de
482 693 634 732 filiabus

274 765 396 793 aaron
434 762 473 794 et
492 764 650 794 nomen‘

272 817 356 855 eius
375 817 588 857 helisabeth
604 839 613 850 ·

272 878 415 918 “Erant
434 888 564 920 autem
585 881 674 920 iusti

273 943 392 981 ambo
411 950 500 981 ante
520 944 587 981 dffi
603 965 612 974 ·
647 945 688 982 in

274 1004 459 1044 cedentes
479 1006 519 1044 in
539 1006 649 1044 omni

274 1065 348 1105 bus
367 1068 562 1107 mandatis
600 1075 638 1108 et

273 1130 611 1171 iustificationibus

274 1192 315 1231 di
334 1193 417 1232 sine
437 1194 606 1244 querella
622 1215 631 1225 ·

273 1255 288 1277 '¹
301 1255 351 1294 Et
371 1268 453 1294 non
472 1263 552 1295 erat
572 1257 645 1296 illis
666 1257 720 1296 fili

273 1330 320 1357 us
367 1331 416 1357 eo
435 1319 541 1369 quod
561 1326 663 1359 esset

273 1380 487 1420 helisabeth
507 1389 606 1421 stere

273 1443 321 1482 lis
337 1464 347 1474 ·
388 1444 440 1482 Et
459 1446 576 1484 ambo
596 1457 668 1496 pro

273 1507 375 1545 cessi
393 1513 502 1545 erant
521 1508 561 1545 in
582 1508 645 1546 die

273 1568 348 1607 bus
368 1569 447 1607 suis
464 1590 498 1600 ··
529 1569 677 1609 ⁸Fact1‘i

273 1662 332 1695 est
351 1662 482 1695 autem
502 1669 594 1695 cum
614 1669 657 1696 sa

274 1719 450 1758 cerdotio
469 1719 631 1769 fungere

274 1787 336 1821 tur
355 1781 551 1821 zacharias
570 1782 611 1820 in

274 1844 412 1883 ordine
430 1844 527 1884 uicis
546 1856 639 1883 suae

273 1897 364 1945 ante
385 1907 474 1946 ἀῶ·
505 1907 658 1946 ”Secun

274 1970 370 2009 dum
389 1970 700 2009 consuetudine·-
717 1991 725 2001 ·

275 2031 482 2072 sacerdotii
502 2044 586 2071 sors
605 2033 669 2071 exi

275 2095 304 2134 it
322 2102 363 2134 ut
383 2095 587 2134 incensum
607 2107 659 2146 po

274 2165 384 2197 neret
400 2179 409 2189 ·
428 2179 437 2189 ·
456 2179 464 2189 ·
500 2158 687 2208 Ingresus

274 2221 315 2260 in
327 2221 515 2272 templum
530 2221 598 2259 dni
614 2242 623 2252 ·
658 2220 731 2261 ¹⁰et

274 2284 405 2323 omnis
424 2283 629 2323 multitudo

275 2354 355 2386 erat
374 2347 540 2397 populus
561 2346 704 2386 horans

275 2408 373 2447 hora
391 2409 542 2447 incensi
559 2430 567 2439 ·
585 2430 593 2439 ·

275 2469 501 2521 ¹1Apparuit
520 2477 648 2510 autem
667 2470 719 2509 illi

276 2533 439 2583 angelus
459 2533 526 2571 dfii
547 2540 653 2572 stans

276 2595 328 2634 ad
348 2595 490 2634 dextris
510 2596 638 2634 altaris

276 2658 450 2698 incensi·
480 2657 565 2696 12Εἴ
587 2658 724 2697 uidens

275 2719 472 2759 zacharias
492 2721 605 2758 turba

274 2789 337 2821 tus
357 2788 415 2821 est
428 2803 438 2812 ·
481 2788 518 2820 et
538 2783 678 2822 cecidit

274 2845 391 2885 timor
410 2857 526 2896 super
544 2857 635 2884 eum

1152 207 1385 251 LUCAN-

778 369 923 410 ¹³Dixit
943 378 1074 411 autem
1095 372 1144 411 ad
1165 372 1231 411 illu

779 435 942 484 angelus
959 456 967 466 ·
1009 447 1059 474 ne
1079 436 1171 474 time

779 509 822 536 as
843 498 1020 536 zacharia
1033 519 1041 528 ·
1090 503 1186 549 qfim

779 573 872 599 ecce
888 561 1106 600 obsecratio
1126 568 1191 600 tua

779 623 960 662 exaudita
979 631 1036 662 est
1053 645 1062 654 ·
1102 624 1153 663 Et
1173 636 1226 663 ux

778 697 823 724 or
841 692 906 724 tua
925 686 1140 725 helisabeth

777 749 901 799 pariet
921 749 989 787 tibi
1010 750 1131 788 filium

776 818 816 850 et
834 812 994 852 uocabis
1014 824 1160 851 nomen

778 873 860 912 eius
879 874 1091 913 iohannem
1104 896 1114 906 ·

777 936 806 958 ¹⁴
818 943 856 975 et
879 938 948 975 erit
967 938 1153 987 gaudium
1173 938 1202 976 ti

776 999 816 1037 bi
836 1006 874 1037 et
892 1000 1077 1038 exultatio
1093 1021 1102 1030 ·
1145 1000 1197 1040 Et

775 1063 886 1101 multi
905 1063 944 1101 in
965 1063 1124 1102 natiuita

775 1131 813 1164 te
832 1125 913 1164 eius
933 1127 1178 1176 gaudebunt·

776 1189 805 1210 ¹⁵
817 1188 899 1227 Erit
918 1190 1023 1227 enim
1043 1201 1211 1239 magnus

777 1264 908 1291 coram
927 1252 1007 1290 dfio
1023 1273 1031 1282 ·
1075 1259 1114 1291 et
1131 1253 1171 1291 ui

776 1327 871 1353 num
893 1321 930 1354 et
950 1315 1073 1354 sicera
1092 1328 1175 1354 non

776 1377 882 1415 bibet
896 1398 905 1408 ·
948 1384 986 1416 et
1006 1381 1079 1428 spu
1099 1382 1167 1417 sco

776 1440 985 1490 replebitur
1002 1461 1010 1470 -
1051 1440 1116 1478 Ad

776 1502 852 1541 huc
872 1515 920 1541 ex
939 1509 1047 1542 utero
1066 1504 1198 1542 matris

777 1577 869 1604 suae
887 1586 895 1596 ·
925 1565 1005 1643 “fit
1018 1567 1161 1605 multos
1177 1567 1228 1604 fili

778 1665 890 1692 orum
910 1653 958 1692 ist
978 1666 1124 1693 conuer

776 1721 831 1754 tet
850 1716 899 1754 ad
919 1716 1013 1754 dfirn
1033 1717 1100 1755 dm
1119 1717 1206 1768 ipso

776 1790 862 1816 rum
879 1799 887 1809 ·
917 1777 947 1799 ¹⁷
958 1786 996 1817 et
1020 1780 1103 1830 ipse
1123 1792 1191 1830 pre

777 1842 890 1880 cedet
909 1849 998 1880 ante
1018 1842 1126 1881 illum

776 1904 816 1942 in
837 1908 910 1955 spu
929 1911 967 1943 et
985 1905 1121 1944 uirtute

775 1966 921 2006 heliae·
965 1974 1148 2007 conuerte

775 2042 817 2068 re
838 2030 955 2069 corda
975 2038 1128 2082 patrum

776 2093 817 2130 in
836 2093 935 2132 filios
949 2115 958 2124 ·
1001 2101 1040 2132 et
1060 2094 1166 2133 incre

776 2156 912 2195 dibiles
933 2157 982 2196 ad
1002 2157 1154 2207 pruden

775 2219 868 2257 tiam
889 2220 1074 2258 iustorum
1091 2240 1100 2250 ·

774 2294 908 2332 parare
930 2283 1008 2321 dfio
1029 2283 1142 2334 plebe

774 2345 986 2394 perfectam
1003 2365 1011 2376 ·

773 2407 802 2429 ¹⁸
810 2407 860 2446 Et
868 2409 963 2446 dixit
974 2408 1170 2447 zacharias
1183 2409 1231 2448 ad

774 2471 957 2520 angelum
977 2471 1076 2509 unde
1096 2472 1172 2510 hoc

776 2533 899 2571 sciam
915 2553 924 2563 ·
969 2546 1044 2583 ego
1065 2534 1162 2572 eni-

776 2607 863 2633 sum
883 2608 1003 2634 senex
1020 2617 1029 2626 ·
1064 2602 1102 2634 et
1121 2609 1174 2635 ux

776 2670 821 2696 or
840 2670 928 2696 mea
946 2659 1137 2708 processit

776 2721 817 2758 in
837 2720 972 2759 diebus
992 2721 1071 2759 suis
1084 2741 1093 2751 ·

774 2781 805 2804 ¹⁹
817 2782 867 2821 Et
885 2782 1127 2833 respondens
1147 2795 1197 2822 an

777 2845 888 2896 gelus
907 2845 1004 2884 dixit
1023 2845 1059 2884 ei
1080 2867 1088 2876 ·
1105 2867 1112 2876 ·
1133 2867 1140 2876 ·

1315 370 1406 422 Ego
1427 383 1512 410 sum
1532 372 1679 423 gabriel

2230 217 2282 263 73

1848 316 1872 355 †
1887 314 1929 349 de
1944 315 2087 348 aduento

1774 374 1796 400 *
1812 377 1841 399 ²⁶
1852 377 1900 416 In
1920 390 2057 416 mense
2078 384 2209 416 autem

1314 434 1382 484 qui
1401 434 1512 474 adsto
1532 442 1619 474 ante
1640 436 1707 475 dffi
1722 457 1731 467 ·
1777 438 1799 463 *
1814 447 1925 479 sexto
1945 441 2065 479 misus
2085 447 2144 479 est

1314 496 1366 535 Et
1384 497 1527 536 missus
1546 510 1632 536 sum
1653 499 1703 538 ad
1723 506 1759 539 te
1776 500 1797 524 *

1314 559 1420 610 loqui
1462 566 1500 598 et
1518 560 1614 599 haec
1634 562 1702 600 tibi
1774 563 1796 588 *

1313 623 1580 673 euangelizare
1594 645 1603 654 ·
1633 624 1663 646 ²⁰
1674 625 1727 665 Et

1314 697 1407 724 ecce
1426 686 1499 724 eris
1519 694 1652 726 tacens
1666 709 1674 718 ·

1312 748 1364 786 Et
1382 761 1464 788 non
1483 750 1627 800 poteris
1646 750 1753 802 loqui
1769 773 1778 782 ·

1313 823 1436 861 usque
1456 812 1496 850 in
1517 813 1621 851 diem
1641 826 1721 864 quo

1313 874 1409 913 haec
1429 875 1543 913 fiant·
1586 889 1658 927 pro
1681 877 1750 917 hoc

1313 937 1419 987 quod
1438 951 1519 977 non
1539 940 1643 978 credi

1311 1000 1400 1038 disti
1419 1002 1546 1040 uerbis
1564 1003 1661 1042 meis
1679 1025 1686 1034 ·

1313 1061 1426 1109 Quae
1447 1064 1708 1115 implebuntur

1314 1126 1353 1164 in
1373 1133 1546 1178 tempore
1567 1141 1640 1167 suo
1655 1149 1663 1159 -

1313 1187 1342 1210 ²¹
1355 1189 1407 1227 Et
1423 1197 1501 1228 erat
1515 1191 1625 1240 plebs
1640 1204 1762 1242 expec

1313 1258 1399 1291 tans
1420 1253 1637 1291 zachariam
1654 1275 1662 1284 ·

1313 1314 1364 1353 Et
1383 1315 1620 1354 mirabantur
1639 1317 1739 1368 qu0d

1312 1378 1478 1417 tardaret
1497 1378 1582 1428 ipse
1602 1379 1643 1416 in

1312 1440 1458 1490 templo
1476 1461 1484 1471 ·
1502 1461 1511 1471 ·
1541 1441 1571 1463 ²²
1581 1441 1707 1492 Egres

1313 1514 1377 1541 sus
1397 1509 1526 1542 autem
1545 1516 1625 1543 non
1643 1516 1696 1554 po

1312 1571 1409 1604 terat
1426 1566 1533 1616 loqui
1553 1566 1603 1605 ad
1622 1567 1708 1606 illos
1724 1587 1732 1597 ·

1311 1653 1362 1691 Et
1382 1660 1653 1703 cognouerunt

1311 1716 1418 1766 quod
1437 1716 1630 1754 uisionem
1647 1717 1687 1755 ui

1313 1778 1368 1816 dit
1387 1779 1427 1816 in
1447 1779 1594 1829 templo
1610 1800 1619 1809 ·
1661 1785 1698 1818 et

1313 1841 1396 1891 ipse
1415 1848 1495 1879 erat
1515 1854 1694 1881 annuens

1313 1904 1385 1942 illis
1405 1910 1443 1942 et
1462 1905 1675 1955 permansit

1313 1972 1442 2005 mutus
1459 1987 1468 1996 ·
1497 1967 1525 1988 ²³
1536 1966 1588 2005 Et
1607 1967 1711 2006 factfi

1311 2036 1370 2068 est
1389 2036 1430 2067 ut
1450 2029 1597 2079 impleti
1610 2036 1707 2068 *sunt

1313 2092 1394 2130 dies
1414 2092 1529 2131 officii
1550 2093 1632 2130 eius
1649 2113 1725 2122 ·—

1313 2155 1405 2192 abiit
1418 2152 1453 2182 in
1469 2155 1630 2194 domum
1651 2162 1753 2193 sua*
1768 2176 1777 2185 -

1311 2217 1442 2256 24Ροεῖ
1453 2216 1521 2256 hos
1534 2224 1662 2256 autern
1676 2219 1758 2257 dies
1768 2239 1776 2248 ·

1312 2281 1491 2330 concepit
1510 2281 1724 2320 helisabeth

1311 2356 1410 2382 uxor
1428 2344 1511 2383 eius
1527 2365 1536 2374 ·
1581 2349 1618 2382 et
1637 2343 1752 2383 occul

1311 2408 1418 2445 tabat
1438 2419 1479 2445 se
1498 2407 1698 2446 mensibus

1312 2471 1484 2520 quinque
1532 2470 1667 2508 dicens
1681 2491 1689 2500 ·

1311 2530 1341 2553 ²⁵
1353 2533 1445 2583 quid
1465 2533 1559 2570 mihi
1579 2533 1633 2571 sic
1654 2533 1744 2571 fecit

1312 2595 1385 2634 dns
1406 2596 1446 2634 in
1467 2596 1602 2634 diebus
1616 2615 1624 2625 ·
1665 2595 1733 2646 qui

1311 2659 1385 2697 bus
1405 2659 1573 2708 respexit
1592 2670 1642 2696 au

1312 2721 1408 2764 ferre
1446 2721 1570 2770 obpro

1311 2783 1438 2822 brium
1457 2795 1590 2821 meum
1609 2783 1649 2821 in

1313 2852 1370 2885 ter
1389 2846 1569 2884 homines
1591 2867 1598 2876 ·
1618 2867 1625 2876 -
1645 2867 1653 2876 ·
1670 2862 1724 2881 -es

1811 504 1974 554 angelus
1993 503 2142 554 gabriel

1813 579 1837 606 a
1856 567 1907 605 (Ιό
1927 567 1968 604 in
1988 566 2142 606 ciuitate

1815 629 1977 679 galileae
2024 630 2087 668 cui
2107 641 2160 668 no

1813 704 1907 730 men
1926 698 2083 731 nazaret
2123 690 2153 713 ²⁷
2167 691 2218 732 ad

1813 754 2006 805 uirginem
2025 755 2161 806 disp0n

1814 825 1938 856 satam
1957 819 2040 857 uiro
2059 819 2122 858 cui

1813 893 1958 919 nomen
1978 881 2116 932 ioseph
2129 902 2138 912 ·

1813 943 1862 981 de
1882 943 2000 982 domo
2021 943 2137 982 dauid
2149 965 2159 975 ·

1811 1011 1849 1044 et
1868 1018 2012 1044 nomen
2030 1006 2192 1056 uirginis

1813 1061 1935 1098 maria
1951 1081 1960 1091 -
1990 1059 2018 1081 ²⁸
2030 1061 2081 1099 Et
2101 1062 2227 1111 ingres

1814 1135 1880 1161 sus
1900 1123 1950 1161 ad
1970 1136 2058 1161 eam
2077 1124 2230 1174 angelus

1814 1186 1910 1224 dixit
1926 1207 1935 1216 ·
1978 1187 2078 1225 habe
2097 1200 2166 1237 gra

1812 1249 1956 1288 tificata
1975 1249 2048 1288 diis
2068 1257 2198 1288 tecu‘··

1814 1311 2027 1351 Benedicta
2046 1318 2088 1350 tu
2106 1313 2205 1352 inter

1813 1375 1992 1413 mulieres
2009 1396 2018 1405 ·
2058 1374 2087 1396 2⁹
2099 1376 2184 1426 ipsa

1812 1444 1943 1476 autern
1961 1445 2002 1476 ut
2021 1438 2118 1477 uidit

1813 1506 1920 1539 mota
1940 1508 1998 1539 est
2017 1501 2056 1539 in
2075 1501 2175 1541 intro

1813 1564 1869 1601 itu
1893 1564 1997 1602 eius·
2037 1564 2089 1602 Et
2108 1571 2188 1603 erat

1815 1651 1993 1701 cogitans
2013 1652 2120 1702 quod
2142 1652 2196 1691 sie

1814 1714 2075 1753 benedixisset
2094 1728 2182 1754 eam
2198 1736 2207 1746 ·

1814 1775 1843 1797 ⁸⁰
1855 1776 1905 1814 Et
1926 1777 2021 1815 dixit
2040 1778 2075 1816 ei
2095 1779 2256 1829 angelus

1814 1851 1864 1876 ne
1883 1839 2020 1878 timeas
2039 1842 2160 1880 maria

1814 1901 1996 1941 inuenisti
2016 1904 2173 1953 gratia-

1813 1964 1918 2014 apud
1939 1965 2005 2002 dffi
2021 1986 2029 1995 ·
2059 1964 2087 1986 ³¹
2099 1966 2150 2004 Et
2170 1978 2263 2006 ecce

1813 2027 2012 2077 concipies
2033 2028 2072 2066 in
2091 2035 2201 2068 utero

1812 2096 1851 2128 et
1870 2090 1994 2139 paries
2014 2091 2136 2129 filium
2151 2112 2160 2122 ·

1813 2158 1851 2190 et
1869 2153 2032 2191 uocabis
2051 2166 2198 2193 nomen

1812 2215 1894 2253 eius
1913 2215 1994 2254 ihm
2008 2237 2016 2246 ·
2059 2216 2173 2256 ³2Hic
2193 2218 2264 2258 erit

1812 2289 1979 2327 magnus
1996 2286 2032 2317 et
2054 2280 2153 2318 filius

1812 2340 1985 2378 altissimi
2004 2343 2145 2380 uocabi

1812 2408 1872 2440 tur
1889 2424 1897 2433 ·
1937 2410 1975 2442 et
1995 2405 2100 2443 dabit
2118 2405 2171 2444 illi

1814 2465 1886 2503 dfis
1907 2466 1952 2504 ds
1972 2467 2146 2506 thronu-

1814 2528 1931 2566 dauid
1950 2530 2068 2578 patris
2088 2530 2169 2569 eius
2184 2551 2193 2562 ·

1812 2589 1842 2611 ³³
1854 2596 1891 2628 et
1910 2592 2084 2640 regnabit
2103 2593 2143 2631 in
2163 2593 2216 2633 do

1812 2664 1923 2690 mum
1941 2653 2055 2692 iacob
2075 2655 2115 2692 in
2134 2662 2237 2695 aeter

1811 2727 1908 2754 num
1921 2736 1930 2746 ·
1973 2724 2012 2755 et
2031 2719 2141 2768 regni
2161 2719 2244 2758 eius

1812 2790 1894 2816 non
1914 2779 1983 2818 erit
2002 2779 2090 2819 finis
2105 2801 2114 2810 ·
2252 2825 2256 2827 ‚

1812 2841 1841 2863 ³⁴
1853 2841 1963 2882 Dixit
1982 2850 2112 2882 autem
2135 2844 2256 2884 maria

2041 2925 2066 2953 1.

2323 386 2406 419 1¹01.
2422 386 2483 418 84.
