2872 3268
309 193 367 229 ιν.
387 195 499 235 25-v.
519 191 588 236 17.]
1171 179 1419 226 MARCIJ·
2239 195 2318 239 117

98 306 278 357 1310Lt164.
311 301 429 342 habet
447 302 636 342 auferetur
811 301 840 324 ⁸⁴
858 302 947 341 Sine
967 302 1153 353 parabola
1171 306 1258 342 aute
1350 308 1390 343 5.
1411 303 1482 342 ¹Et
1495 303 1601 341 uenit
1613 303 1711 341 ultra
1725 302 1765 341 in
1777 314 1816 341 re
1853 302 1882 324 ¹⁰
1896 301 1948 341 Et
1968 301 2248 353 deprecabatur
2338 313 2420 346 Fol.
2436 314 2519 347 165.

310 366 361 404 ab
375 366 441 405 illo
525 364 553 387 ²⁶
561 365 612 404 Et
626 365 778 404 dicebat
811 378 893 404 non
911 365 1138 416 loquebatur
1157 365 1212 404 eis
1347 366 1463 416 gione
1483 378 1674 416 geraseno
1851 377 1943 404 eum
1962 365 2127 404 multum
2146 372 2190 405 ut

310 429 364 467 sic
385 435 443 467 est
461 441 624 479 regnum
645 428 685 466 di
812 440 988 467 seorsum
1007 434 1140 466 tamen
1347 440 1433 466 rum
1449 449 1458 458 ·
1502 427 1579 466 2Et
1598 427 1743 467 exienti
1851 440 1900 466 ne
1920 439 1963 467 se
1982 428 2192 478 expelleret

309 490 642 541 quemadmodum
811 490 1008 540 discipulis
1028 490 1105 529 suis
1124 490 1184 528 dis
1347 491 1382 529 ei
1403 491 1450 529 de
1471 491 1563 529 naui
1603 491 1654 529 Et
1675 494 1762 529 stati
1852 490 1900 528 de
1921 490 2083 540 regione
2100 511 2109 520 ·
2140 489 2167 511 ¹¹
2180 491 2274 529 Erat

308 554 340 592 si
359 554 473 592 iactet
486 553 607 592 homo
628 566 667 592 se
840 575 848 583 ·
864 574 873 583 ·
895 553 1043 591 serebat
1062 565 1127 591 eas
1142 570 1196 587 m
1347 554 1511 592 occurrit
1529 553 1564 592 ei
1582 553 1706 592 homo
1850 558 1980 591 autem
2000 553 2051 591 ibi
2071 553 2175 592 circa
2194 560 2283 591 m⁰n

308 628 401 654 men
419 617 459 654 in
479 622 619 655 terram
660 613 690 637 ²⁷
700 615 750 653 Et
777 615 797 639 *
811 615 1056 654 3⁵Etaitillis·
1078 615 1118 652 in
1131 615 1193 654 illa
1205 614 1265 653 die
1346 615 1394 654 de
1414 616 1679 654 monumentis
1849 621 1929 653 tem
1969 627 2064 665 grex
2084 627 2206 666 porco

308 679 529 717 obdormiat
569 685 607 717 et
625 690 673 717 ex
778 677 797 698 *
812 691 901 717 cum
914 691 999 717 sero
1015 684 1115 717 esset
1345 678 1386 716 in
1405 682 1478 728 spu
1492 678 1680 717 inmundo
1695 699 1704 709 ·
1849 689 1935 715 rum
1955 677 2165 716 multorum

310 747 442 791 surgat
460 747 575 780 nocte
595 747 632 779 et
653 740 715 779 die
736 762 744 770 ·
777 740 797 762 *
811 741 956 780 factum
974 748 1103 779 transe
1345 741 1360 762 ⁸
1372 742 1437 791 qui
1457 741 1694 780 domicilium
1714 740 1765 780 ha
1849 740 2093 789 pascentium
2109 760 2119 770 ·
2160 739 2188 763 ¹²
2198 740 2252 780 Et

309 811 348 843 et
368 816 501 843 semen
516 804 704 854 germinet
779 803 798 824 *
813 817 924 843 amus
943 804 1040 842 ultra
1056 825 1064 834 ·
1095 804 1123 825 ³⁸
1133 803 1185 841 Et
1204 803 1243 842 di
1346 805 1462 843 bebat
1480 804 1520 842 in
1540 816 1664 843 monu
1850 801 2156 852 deprecabantur

310 874 349 905 et
368 873 514 906 crescat
554 866 646 905 dum
666 878 715 904 ne
812 867 966 905 mittunt
986 867 1139 904 turbam
1153 886 1162 895 ·
1346 873 1480 905 mento
1498 887 1506 896 -
1547 867 1599 904 Et
1618 878 1745 916 neque
1849 876 1940 902 eum
1961 867 2028 914 sps
2048 864 2221 905 dicentes

311 930 383 968 scit
397 929 458 967 ille
475 950 483 959 ·
513 927 541 950 ²⁸
553 928 651 966 ultro
671 933 735 966 eni
811 929 862 967 Et
882 935 1116 979 acceperunt
1137 935 1218 966 eu-
1347 929 1521 968 cathenis
1541 929 1738 980 quisqua‘
1848 927 1956 965 mitte
1976 939 2050 965 nos
2069 927 2110 965 in
2129 939 2203 977 por

310 999 409 1031 terra
429 991 632 1030 fructificat
811 992 862 1029 ita
881 997 922 1029 ut
941 996 1048 1030 erant
1067 991 1107 1028 in
1127 990 1240 1029 naui·
1346 997 1499 1042 poterat
1517 1003 1608 1030 eum
1627 991 1747 1041 ligare
1849 1001 1918 1028 cos
1957 997 2000 1028 ut
2014 989 2054 1027 in
2073 1002 2140 1028 eos
2152 982 2261 1030 intro

310 1055 479 1106 primum
499 1053 660 1092 herbam
674 1074 683 1083 ·
811 1061 849 1093 et
867 1054 1009 1093 multae
1028 1053 1142 1092 simul
1161 1066 1213 1091 na
1346 1054 1558 1105 ⁴quoniam
1578 1066 1670 1104 sepe
1690 1066 1767 1092 con
1849 1063 1986 1091 eamus
2001 1073 2010 1082 ·
2040 1051 2068 1073 ¹³
2080 1052 2132 1091 Et
2151 1058 2238 1092 stati

312 1116 453 1157 deinde
473 1116 623 1166 spicam
638 1136 647 1146 ·
688 1115 735 1154 de
811 1129 880 1155 ues
899 1123 1008 1155 erant
1027 1128 1116 1155 cum
1135 1115 1200 1154 illo
1345 1116 1466 1167 pedes
1508 1122 1546 1155 et
1566 1117 1749 1157 cathenas
1847 1115 2020 1164 permisit
2037 1114 2109 1154 illis
2128 1115 2188 1154 ihs
2204 1136 2214 1146 ·

311 1179 402 1218 inde
421 1179 579 1230 plenum
598 1191 668 1228 gra
810 1178 840 1201 ³⁷
852 1179 902 1217 Et
921 1179 1022 1217 facta
1041 1184 1098 1217 est
1117 1177 1250 1228 procel
1346 1179 1483 1229 quibus
1503 1179 1642 1229 ligatus
1660 1179 1733 1219 fuis
1847 1176 1898 1215 Et
1917 1184 2103 1217 exeuntes
2122 1179 2243 1229 spiriti

312 1255 408 1280 num
427 1243 467 1280 in
488 1241 596 1292 spica
611 1262 620 1271 ·
638 1261 646 1271 ·
687 1239 715 1262 ²⁹
727 1241 778 1280 Et
812 1242 850 1281 la
868 1254 1013 1292 magna
1030 1241 1138 1279 uenti
1345 1248 1403 1280 set
1446 1241 1669 1292 disrupisset
1846 1239 2024 1278 inmundi
2037 1261 2046 1271 ·
2087 1241 2190 1280 intro

312 1317 403 1344 cum
418 1304 642 1355 produxerit
813 1310 851 1342 et
870 1304 1007 1343 fluctus
1026 1304 1135 1342 mitte
1345 1309 1382 1342 et
1401 1304 1692 1343 comminuisset
1709 1325 1718 1335 ·
1847 1302 1971 1341 ierunt
1989 1303 2030 1341 in
2048 1315 2190 1354 porcos
2203 1325 2213 1335 ·

311 1367 476 1406 fructum
497 1367 623 1405 statim
812 1367 878 1405 bat
897 1367 937 1404 in
956 1378 1098 1404 nauem
1138 1366 1191 1404 ita
1344 1378 1418 1405 nec
1438 1366 1642 1417 quisquam
1663 1379 1736 1417 pos
1847 1370 1886 1403 et
1907 1377 2054 1415 magno
2073 1366 2223 1417 impetu

313 1430 435 1469 mittet
454 1429 590 1468 falcem
605 1450 613 1458 ·
655 1433 750 1479 qum
812 1435 854 1468 ut
873 1428 1048 1479 impleret
1067 1431 1166 1466 naue
1181 1448 1190 1458 ·
1346 1435 1403 1467 set
1421 1441 1511 1467 eum
1529 1429 1695 1479 amplius
1848 1439 1943 1477 grex
1963 1429 2188 1479 precipitati-1

313 1493 422 1532 adest
440 1492 577 1530 messis
590 1514 644 1518 —
813 1492 840 1513 ³³
852 1492 903 1530 Et
923 1498 1003 1530 erat
1021 1491 1104 1541 ipse
1123 1491 1163 1528 in
1184 1502 1263 1541 pup
1344 1491 1499 1530 uincere
1513 1511 1522 1521 ·
1552 1491 1692 1531 ⁶nocte
1849 1495 1906 1528 est
1926 1490 1966 1528 in
1986 1502 2093 1529 mare
2113 1491 2163 1530 ad
2182 1491 2261 1532 dua

314 1555 401 1593 ³⁰Et
412 1555 565 1593 dicebat
580 1574 589 1583 ·
619 1553 682 1592 cui
697 1552 780 1592 adsi
814 1567 864 1606 pe
884 1566 999 1605 supra
1017 1553 1179 1604 puluinu
1347 1560 1476 1592 autem
1495 1559 1533 1592 et
1552 1554 1612 1592 die
1627 1554 1668 1592 in
1848 1552 1954 1591 milia
1970 1574 1979 1583 ·
2020 1559 2058 1592 et
2077 1554 2229 1594 suffoca

314 1643 508 1681 milabitur
521 1646 644 1691 regni-1
663 1641 768 1680 di—
814 1642 1012 1681 dormiens
1026 1662 1035 1672 ·
1065 1647 1102 1679 et
1121 1640 1206 1679 exci
1347 1642 1545 1680 montibus
1563 1647 1601 1680 et
1619 1642 1721 1681 inmo
1846 1640 1873 1678 ti
1893 1646 1983 1679 sunt
2001 1641 2041 1679 in
2064 1653 2168 1681 mare
2185 1662 2194 1673 ·

315 1712 381 1744 aut
399 1706 440 1743 in
459 1717 578 1755 quam
597 1705 746 1755 parabo
815 1710 940 1743 tantes
959 1716 1049 1743 eum
1069 1703 1200 1742 dicunt
1215 1723 1224 1732 ·
1350 1705 1544 1743 numentis
1564 1710 1645 1742 erat
1842 1702 1952 1751 ¹⁴Qui
1960 1710 2089 1742 autem
2104 1706 2314 1755 pascebant

316 1768 395 1806 lam
414 1767 726 1818 comparabimus
816 1768 999 1818 magister
1017 1779 1099 1805 non
1119 1766 1169 1804 ad
1351 1766 1578 1805 exclamans
1598 1773 1636 1805 et
1656 1779 1734 1805 con
1843 1777 1912 1804 eos
1932 1766 2111 1816 fugerunt
2129 1774 2168 1807 et

316 1830 411 1869 illud
428 1851 437 1860 ·
489 1829 517 1851 ³¹
532 1829 639 1868 Sicut
657 1833 782 1879 gram-1
815 1836 853 1868 te
867 1830 1032 1880 pertinet
1051 1828 1157 1879 quod
1352 1828 1482 1867 cidens
1504 1841 1545 1867 se
1564 1829 1820 1879 lapidibus—
1843 1829 2161 1869 renuntiauerant

319 1891 463 1944 sinapis
483 1892 589 1943 quod
610 1904 700 1930 cum
817 1904 1021 1943 pereamus
1037 1913 1046 1922 ·
1077 1892 1106 1912 ³⁹
1118 1897 1156 1930 et
1176 1902 1225 1929 ex
1351 1892 1364 1912 ⁶
1376 1890 1525 1929 Uidens
1545 1898 1674 1930 autem
1693 1892 1774 1930 ihm
1841 1890 1883 1928 in
1903 1891 2096 1930 ciuitatem
2135 1898 2173 1932 et

318 1956 551 1994 seminatum
569 1961 628 1993 est
646 1955 686 1992 in
819 1966 980 2005 surgens
1000 1954 1147 1993 commi
1353 1966 1376 1992 a
1395 1954 1511 2003 longe
1552 1954 1721 1992 adcucur
1842 1953 1883 1991 in
1903 1965 2018 2003 agros
2035 1974 2044 1984 ·
2091 1954 2144 1993 Et
2162 1955 2202 1995 in

315 2025 456 2057 terram
497 2018 681 2056 minimus
818 2023 931 2056 natus
951 2023 1009 2056 est
1027 2022 1147 2055 uento
1164 2036 1172 2045 ·
1352 2016 1398 2054 rit
1417 2022 1455 2054 et
1474 2016 1648 2055 adorauit
1667 2024 1749 2055 eu—
1842 2016 1964 2066 gressi
1984 2022 2073 2054 sunt
2091 2017 2183 2056 uide

315 2086 373 2120 est
391 2081 575 2119 omnibus
596 2080 684 2118 simi
818 2086 857 2118 et
876 2080 973 2117 mari
992 2079 1085 2117 dixit
1124 2079 1191 2119 sile
1352 2079 1367 2101 ⁷
1379 2079 1430 2117 Et
1449 2079 1673 2117 exclamans
1692 2091 1792 2118 uoce
1842 2090 1883 2116 re
1903 2078 1996 2128 quid
2016 2085 2118 2118 esset
2137 2080 2199 2119 fac

315 2143 429 2182 nibus
450 2155 549 2194 quae
569 2148 658 2180 sunt
676 2142 716 2179 in
819 2148 1081 2181 commutesce
1121 2149 1159 2181 et
1352 2153 1497 2191 magna
1516 2141 1611 2179 dixit
1673 2141 1766 2192 quid
1842 2146 1926 2178 tum
1942 2161 1951 2170 ·
1982 2140 2011 2162 ¹⁵
2022 2147 2061 2180 et
2079 2142 2241 2182 ueniunt

316 2211 458 2244 terram
473 2226 482 2235 ·
525 2203 555 2226 ⁸²
566 2205 618 2242 Et
638 2216 730 2243 cum
818 2205 981 2244 cessauit
999 2210 1137 2243 uentus
1152 2225 1160 2235 ·
1351 2203 1446 2241 mihi
1465 2209 1503 2242 et
1522 2203 1590 2242 tibi
1608 2203 1674 2241 ihu
1694 2204 1720 2241 fi
1843 2203 1894 2241 ad
1917 2203 2021 2250 ihm}
2054 2210 2091 2242 et
2105 2205 2238 2244 uident

317 2268 476 2307 creuerit
518 2268 559 2306 fit
578 2267 704 2306 maius
818 2274 856 2307 et
875 2267 977 2306 facta
996 2274 1055 2306 est
1078 2267 1241 2318 tranquil
1351 2266 1376 2304 li
1396 2266 1436 2303 di
1455 2266 1596 2304 summi
1609 2286 1618 2296 ·
1662 2265 1751 2304 adiu
1842 2264 1949 2303 illum
1969 2266 2035 2316 qui
2054 2278 2077 2304 a
2096 2267 2214 2306 demo

315 2331 496 2370 omnibus
516 2330 681 2368 holerib⁹
697 2350 706 2360 ·
817 2330 904 2369 litas
923 2342 1067 2380 magna
1083 2350 1092 2359 ·
1120 2329 1150 2350 ⁴⁰
1162 2330 1213 2367 Et
1232 2330 1283 2368 ait
1351 2340 1396 2367 ro
1416 2335 1453 2366 te
1473 2341 1541 2379 per
1560 2328 1626 2366 dm
1645 2341 1694 2366 ne
1714 2341 1778 2367 me
1842 2327 1909 2366 nio
1928 2329 2142 2367 uexabatur
2162 2341 2204 2368 se

315 2399 354 2431 et
373 2392 463 2432 facit
482 2405 613 2431 ramos
631 2404 725 2442 mag
818 2393 890 2432 illis
929 2392 1022 2443 quid
1040 2392 1161 2430 timidi
1352 2398 1534 2441 torqueas
1550 2412 1559 2421 -
1574 2412 1583 2421 ·
1626 2390 1640 2412 ⁸
1653 2390 1751 2429 Dice
1843 2389 2002 2429 dentem
2045 2397 2083 2429 et
2101 2392 2200 2430 uesti

316 2467 392 2494 nos
434 2455 486 2493 ita
504 2461 546 2492 ut
563 2455 716 2505 possint
818 2455 889 2494 etis
928 2455 1108 2502 habetote
1353 2455 1419 2492 bat
1442 2454 1547 2492 enim
1566 2453 1617 2491 illi
1637 2454 1695 2492 ihs
1712 2474 1721 2483 ·
1842 2458 1925 2490 tum
1966 2459 2005 2490 et
2024 2465 2120 2492 sana
2139 2466 2231 2492 men

318 2518 390 2556 sub
408 2518 546 2555 umbra
565 2518 645 2555 eius
818 2518 936 2556 fidem
952 2537 961 2547 ·
1002 2523 1039 2555 et
1058 2517 1176 2555 timue
1352 2516 1415 2554 exi
1435 2516 1563 2566 spirite
1578 2516 1716 2553 inmun
1842 2514 1889 2552 tis
1932 2521 1969 2553 et
1988 2515 2197 2554 timuerunt
2210 2537 2220 2546 ·

317 2580 440 2618 haues
459 2580 530 2618 celi
549 2579 721 2618 inhabita
818 2586 906 2618 runt
926 2591 1072 2629 magno
1091 2580 1188 2618 timo
1241 2593 1244 2595 ·
1353 2578 1399 2616 de
1413 2579 1462 2616 ab
1476 2578 1635 2616 homine
1650 2599 1659 2608 ·
1677 2598 1686 2607 ·
1702 2599 1710 2608 ·
1727 2578 1741 2599 ⁹
1755 2577 1807 2615 Et
1842 2576 1869 2598 ¹⁶
1881 2576 2146 2617 Narrauerunt
2165 2582 2254 2618 aute

318 2655 360 2681 re
377 2662 386 2672 ·
404 2662 413 2672 ·
446 2641 474 2662 ¹³³
489 2642 626 2680 talibus
645 2641 726 2679 mul
819 2655 860 2681 re
874 2663 884 2672 ·
926 2642 979 2679 Et
997 2641 1177 2680 dicebant
1352 2641 1589 2679 interrogauit
1607 2652 1698 2678 eum
1841 2637 1913 2677 illis
1933 2640 1999 2689 qui
2017 2639 2194 2679 uiderant

318 2705 367 2744 tis
385 2704 578 2754 parabolis
597 2704 635 2742 lo
819 2704 870 2743 ad
889 2704 1108 2742 alterutrum
1124 2723 1134 2733 ·
1353 2703 1459 2753 quod
1478 2703 1544 2741 tibi
1567 2714 1713 2741 nomen
1841 2701 2001 2751 qualiter
2015 2700 2160 2740 factum

320 2768 510 2818 quebatur
528 2766 583 2805 eis
602 2779 672 2805 uer
820 2767 906 2818 quis
926 2772 983 2805 est
1001 2771 1113 2816 putas
1131 2766 1202 2804 iste
1352 2771 1411 2803 est
1424 2786 1432 2795 ·
1481 2770 1519 2803 et
1537 2763 1735 2815 respondit
1841 2770 1899 2802 est
1917 2764 1952 2802 ei
1972 2764 2038 2814 qui
2058 2764 2243 2804 demonifi

318 2831 414 2868 bum
430 2849 439 2859 ·
479 2835 594 2879 prout
613 2834 705 2880 pote
821 2830 882 2868 cui
901 2841 1007 2867 mare
1027 2833 1064 2867 et
1083 2828 1188 2867 uenti
1353 2833 1411 2866 est
1429 2826 1523 2865 mihi
1543 2838 1688 2865 nomen
1840 2825 2025 2865 habuerat
2067 2832 2105 2865 et
2124 2826 2173 2866 de
2193 2839 2265 2879 por

320 2898 406 2931 rant
425 2891 556 2931 audire
819 2891 1033 2931 obaudiunt
1046 2911 1057 2921 ·
1353 2890 1456 2941 legio
1475 2889 1818 2941 quiamultisumus
1840 2888 1895 2928 cis
1911 2909 1920 2919 ·
1964 2888 1993 2911 ¹⁷
2003 2889 2055 2928 Et
2072 2901 2211 2941 rogare
