2872 3268
600 280 765 322 RELA
777 281 931 323 TION
951 280 1032 322 OF
1046 294 1076 336 q
1101 281 1175 321 To
1199 279 1410 320 OTHER
1437 281 1655 322 OLD-LA
1669 283 1783 323 TIN
1802 283 2009 324 TEXTS.
2140 283 2238 325 xlix

435 394 597 434 Selected
606 396 781 446 readings
799 396 880 434 and
888 395 1108 446 rendert‘ngs
1123 396 1163 434 in
1177 394 1301 434 which
1370 393 1532 434 Selected
1545 396 1721 446 readings
1740 397 1820 434 and
1827 398 2047 447 renderz'ngs
2062 398 2101 435 in
2115 396 2238 435 which

597 461 617 499 f
630 474 658 512 q
675 462 786 513 dffr
786 461 902 513 from
920 461 1008 501 each
1025 461 1140 500 other.

434 526 551 566 Mark
570 527 606 566 ii.

463 604 526 631 22.
651 591 824 642 alioquin
889 591 1091 642 dirrumpit
1163 591 1299 629 uinum

703 669 852 697 nouum
870 663 973 697 utres
991 663 1142 697 ueteres
1161 670 1188 695 e.

647 724 818 775 alioquin
837 729 1063 776 rumpentur
1081 729 1185 762 utres
1197 736 1233 762 a.

647 802 697 828 ne
737 789 931 840 dirumpat
972 789 1109 830 uinum
1150 801 1299 829 nouum

699 861 804 896 utres
810 856 855 906 f

457 1179 519 1216 23.
549 1179 619 1218 per
638 1172 788 1218 segetes
807 1167 829 1207 b
846 1181 895 1218 q;
915 1181 997 1208 -ern
1015 1181 1039 1207 a
1059 1183 1086 1207 e.

643 1245 714 1285 per
733 1240 816 1272 sata
835 1235 864 1272 d
862 1235 907 1286 f
915 1236 935 1273 τ’
947 1235 1033 1273 Am.

457 1311 518 1348 ²4·
546 1312 614 1338 om.
634 1299 812 1350 discipuli
831 1300 884 1338 tui
903 1314 920 1339 e
938 1313 961 1350 q
980 1300 1068 1339 Am.

643 1367 714 1404 ins.
733 1365 910 1417 discipuli
928 1367 984 1405 tui
1003 1380 1027 1405 a
1047 1366 1068 1405 b
1087 1366 1158 1418 df
1166 1368 1191 1405 τ’.

457 1431 517 1469 26.
545 1431 701 1471 intrauit
720 1431 742 1469 b
761 1444 794 1481 q.

642 1497 813 1536 introiuit
824 1495 939 1550 <-ibit‚
952 1494 1028 1550 -iit)
1044 1509 1068 1535 a
1080 1498 1108 1534 d
1114 1510 1131 1534 e
1128 1497 1174 1548 s
1181 1497 1295 1536 z'Am.

1533 460 1552 498 f
1562 474 1588 512 q
1602 474 1668 500 are
1682 462 1819 512 agreed
1827 463 1982 512 against
1998 462 2099 501 other
2110 461 2237 500 Euro-

1523 533 1624 576 pean
1643 530 1752 565 texts.

1399 603 1459 629 22.
1489 598 1527 630 et
1546 592 1682 631 uinum
1710 592 1927 632 effundetur
1956 599 1994 633 et
2016 599 2119 632 utres
2138 593 2238 644 peri-

1642 658 1739 697 bunt
1741 658 1787 709 f
1794 672 1817 709 q
1836 658 1925 697 Am.
1944 657 2199 711 (effunditur).

1559 723 1738 762 etuinum
1751 730 1898 763 etutres
1904 724 2086 775 peribunt
2100 723 2238 763 abdez'.

1492 788 1559 827 sed
1625 789 1762 828 uinum
1822 801 1972 828 nouum
2033 790 2074 828 in
2131 795 2237 829 utres

1641 867 1768 894 nouos
1786 855 2017 895 mittendum
2036 862 2094 895 est
2112 868 2135 906 q
2149 855 2237 894 Am.

1639 918 1754 974 (mitti
1775 919 1917 972 debet).

1557 986 1626 1025 sed
1671 986 1806 1025 uinum
1847 998 1997 1026 nouum
2045 987 2086 1025 in
2133 992 2236 1025 utres

1637 1064 1765 1091 nouos
1784 1052 1938 1091 mittunt
1952 1059 1990 1091 et
2009 1053 2127 1091 ambo
2143 1064 2236 1091 con-

1637 1125 1836 1158 seruantur
1853 1132 1871 1157 e
1891 1115 2125 1172 (serbantur)
2135 1118 2181 1169 s.

1557 1195 1622 1227 om.
1642 1197 1666 1222 a
1686 1184 1706 1222 b
1726 1185 1754 1222 d
1767 1186 1791 1221 τ’.

1397 1383 1456 1420 26.
1488 1383 1560 1421 sub
1575 1381 1748 1421 abiathar
1760 1380 1976 1432 principem
1991 1381 2235 1422 sacerdotum

1636 1460 1659 1498 q
1676 1447 1766 1486 Am.
1787 1446 2003 1500 (principe).

1583 1514 1656 1552 sub
1676 1513 1847 1553 abiathar
1866 1514 2109 1553 sacerdotem
2115 1514 2162 1564 f

1583 1591 1651 1618 om.
1671 1592 1696 1617 a
1716 1579 1737 1617 b
1757 1579 1786 1616 d
1799 1591 1816 1617 e
1836 1579 1861 1617 i.

1490 1645 1617 1684 order:
1637 1650 1675 1683 et
1687 1644 1793 1683 dedit
1805 1644 1871 1692 eis,
1885 1648 1957 1692 etc„
1971 1644 2074 1695 qster
2085 1654 2185 1694 quos
2202 1673 2209 1681 .
2225 1672 2232 1681 .

1637 1709 1900 1749 sacerdotibus
1903 1710 1949 1761 f
1956 1721 1980 1758 q
1997 1708 2085 1747 Am.

1581 1781 1619 1814 et
1652 1774 1771 1823 dedit,
1804 1779 1877 1823 etc„
1918 1775 2038 1826 before
2075 1785 2175 1825 quos
2196 1803 2203 1811 .
2226 1803 2234 1812 .

1636 1840 1901 1880 sacerdotibus
1920 1853 1945 1878 a
1965 1840 1986 1878 b
2005 1840 2034 1878 d
2047 1853 2064 1877 e
2083 1841 2106 1877 τ’.

1397 1917 1457 1955 27.
1487 1912 1524 1944 et
1558 1905 1711 1945 dicebat
1738 1905 1810 1944 illis
1844 1906 2048 1944 sabbatum
2076 1911 2236 1955 propter

1634 1971 1837 2010 hominem
1874 1970 2020 2010 factum
2056 1975 2115 2008 est
2151 1982 2234 2008 non

1635 2035 1755 2075 homo
1770 2041 1930 2088 propter
1950 2036 2154 2075 sabbatum
2160 2035 2203 2085 s
2211 2047 2234 2084 q

1632 2101 1720 2140 Am.

1581 2166 1928 2206 dicoautemuobis
1936 2165 2234 2217 quiasab.‚etc.,b.

1582 2244 1648 2270 om.
1668 2232 1726 2270 the
1744 2244 1844 2271 verse
1862 2245 1886 2270 a
1906 2233 1934 2270 d
1948 2245 1965 2270 e
1985 2233 2008 2269 ι’.

1398 2298 1458 2334 28.
1488 2296 1615 2348 itaque
1645 2297 1829 2336 dominus
1856 2303 1913 2335 est
1941 2295 2039 2334 filius
2067 2294 2236 2334 hominis

1620 2363 1697 2413 sq
1717 2363 1805 2402 Am.

1583 2429 1672 2468 dico
1720 2435 1851 2467 autem
1890 2427 2003 2466 uobis
2050 2426 2236 2477 quoniam

1648 2494 1749 2533 filius
1774 2493 1944 2533 hominis
1970 2492 2150 2532 dominus
2179 2497 2238 2530 est

1635 2573 1660 2598 a
1679 2573 1707 2608 e,
1725 2558 1857 2612 (etiam
1872 2556 1962 2612 dfis)
1978 2559 2000 2596 i.

1581 2626 1617 2665 d.
1657 2638 1690 2665 a.
1730 2638 1767 2664 u.
1810 2625 1992 2665 dominus
2036 2629 2093 2662 est
2136 2622 2236 2661 filius

1634 2691 1806 2731 hominis
1825 2692 1859 2730 d.

1579 2757 1670 2808 quia
1683 2756 1865 2797 dominus
1879 2762 1935 2796 est
1952 2755 2054 2796 filius
2066 2753 2236 2794 hominis

1633 2823 1666 2862 b.
