2872 3268
87 322 170 354 1¹01.
187 323 246 355 28.

269 201 347 234 ΧΗ·
363 199 488 243 4-33-]

267 322 376 349 care·
406 323 533 361 neque
552 309 612 349 his

267 373 334 424 qui
355 385 446 412 cum
465 373 529 413 illo
548 385 570 411 e

265 443 374 475 rant·
404 436 478 474 nisi
498 435 589 474 solis

266 498 530 538 sacerdotibus

266 561 367 601 ¹⁵Aut
385 574 467 600 non
485 560 629 611 legistis

266 624 307 662 in
326 623 412 674 lege
454 624 544 674 quia

268 687 440 726 sabbatis
464 698 575 725 sacer

265 750 376 789 dotes
393 750 435 788 in
454 748 599 799 templo
615 768 627 780 ·

267 813 472 851 sabbatum
492 812 557 850 uio

265 875 348 914 lant
393 881 432 914 et
450 875 531 913 sine

266 938 427 976 crimine
447 943 537 975 sunt
551 953 560 963 ·

263 998 389 1040 ⁶Dico
406 1006 536 1038 autem
555 1011 607 1038 uo

263 1065 324 1104 bis
384 1062 474 1114 quia
493 1061 556 1100 hic

263 1126 390 1166 maius
408 1131 467 1164 est
486 1130 593 1174 qua*

264 1190 474 1240 templum·
514 1187 578 1226 ⁷Si

265 1260 395 1293 autem
415 1250 561 1290 sciretis

265 1317 358 1367 quid
377 1315 425 1354 sit
478 1313 533 1351 mi

266 1378 514 1419 sericordiam

262 1443 355 1483 uolo
401 1448 440 1481 et
457 1451 538 1479 non
556 1450 600 1477 sa

265 1505 452 1545 crificium

265 1569 495 1619 Numquam
514 1566 592 1603 con

266 1655 519 1697 demnassetis
538 1654 580 1692 in

266 1726 474 1763 nocentes·
515 1715 610 1755 ⁸d1‘1s

265 1786 371 1826 enim
389 1789 448 1821 est
467 1778 615 1820 sabbati
631 1796 640 1808 ·

264 1849 365 1897 filius
383 1843 554 1885 hominis
567 1858 575 1868 ·

264 1911 336 1950 ’Et
354 1907 542 1948 transiens
560 1903 651 1942 inde

263 1973 369 2012 uenit
386 1971 426 2009 in
445 1977 646 2019 synagoga

263 2047 399 2075 eorum
413 2051 422 2060 ·
452 2030 541 2069 l⁰Et
560 2040 655 2067 ecce

262 2105 344 2137 erat
361 2097 414 2135 ibi
433 2095 554 2133 homo
573 2103 638 2129 ma

260 2173 357 2200 num
370 2148 523 2197 *habens
542 2155 597 2193 ari

261 2224 354 2262 dam
410 2228 448 2260 et
465 2220 609 2258 interro

260 2287 408 2337 gabant
425 2295 514 2322 eum
534 2280 648 2320 dicen

262 2356 320 2388 tes
370 2348 401 2386 si
418 2347 507 2385 licet
523 2343 644 2382 sabba

263 2412 311 2451 tis
330 2421 464 2449 curare
483 2414 526 2446 ut
544 2417 661 2445 accus

266 2479 396 2512 sarent
415 2483 506 2510 eum
520 2491 527 2500 ·
543 2490 552 2500 ·
595 2466 720 2518 uIpse

266 2543 395 2575 autem
414 2533 509 2573 dixit
526 2532 582 2570 eis
598 2548 606 2557 ·

265 2598 350 2648 quis
369 2602 427 2635 est
444 2607 493 2633 ex
511 2594 624 2633 uobis

265 2660 387 2699 homo
406 2659 472 2709 qui
490 2657 606 2695 habet

266 2735 383 2762 ouem
401 2732 522 2759 unam
563 2718 603 2756 Si
623 2730 668 2756 ce

266 2785 399 2824 ciderit
414 2784 488 2822 ista
508 2782 629 2820 sabba

264 2848 312 2887 tis
330 2848 371 2885 in
388 2846 544 2885 foueam
566 2856 647 2883 non

265 2909 410 2949 tenebit
429 2920 518 2948 eam
537 2913 575 2945 et
593 2906 651 2944 ele

563 2970 670 3009 uabit

1086 196 1174 235 MA
1187 190 1397 237 TTHEU
1412 218 1420 228 ·

769 309 951 362 12quanto
971 312 1097 362 magis
1116 311 1205 350 meli

768 387 813 414 or
831 381 888 413 est
907 375 1026 414 homo
1045 387 1119 414 oue

769 437 906 487 Itaque
924 438 1012 476 licet
1031 438 1153 476 sabba

769 500 816 538 tis
836 499 1061 538 benefacere
1076 516 1084 525 ·

770 561 922 600 ¹³Tunc
942 562 993 599 ait
1012 561 1160 599 homini

769 624 934 663 extende
953 636 1115 662 manum

768 693 876 725 tuam
932 693 970 724 et
988 685 1159 724 extendit

769 758 807 789 et
826 749 996 788 restituta
1015 755 1072 787 est
1093 760 1136 786 sa

770 825 821 851 na
842 812 939 850 sicut
958 811 1075 850 altera
1089 827 1097 836 ·

770 874 974 913 ¹*Farisaei
989 880 1118 912 autern
1139 885 1216 912 con

768 938 894 976 silium
913 941 1148 986 acceperunt

769 1001 954 1039 aduersus
976 1011 1066 1037 eum
1087 1005 1130 1037 ut

769 1076 860 1102 eum
880 1062 1086 1113 perderent
1099 1079 1107 1088 ·

769 1126 859 1165 ¹⁵At
872 1126 932 1164 ihs
947 1125 1074 1164 sciens
1116 1136 1224 1163 seces

770 1190 817 1228 sit
835 1189 924 1227 inde
965 1195 1003 1226 et
1023 1199 1141 1236 seque

769 1253 880 1290 batur
898 1263 989 1289 eum
1007 1250 1119 1288 turba

769 1314 910 1353 multa·
941 1320 979 1351 et
999 1325 1092 1350 cura

770 1379 836 1416 bat
854 1388 923 1415 eos
942 1385 1080 1415 ornnes
1097 1390 1105 1401 ·
1139 1374 1223 1413 1‘'Et

769 1440 965 1492 praecepit
983 1439 1037 1477 eis
1055 1444 1098 1476 ut

770 1515 819 1541 ne
839 1501 1110 1553 peruulgarent

769 1578 859 1604 eum
873 1584 882 1595 ·
920 1565 948 1587 ¹⁷
956 1564 1009 1603 Ut
1027 1563 1195 1614 adimple

768 1660 870 1693 retur
889 1652 995 1703 quod
1015 1652 1077 1692 dic

768 1723 851 1755 tum
871 1722 930 1754 est
948 1727 1016 1765 per
1036 1727 1058 1752 e

768 1779 890 1817 saiam
909 1777 1088 1828 profeta-

767 1841 962 1879 dicentem
980 1857 988 1866 ·

766 1903 906 1942 ¹⁸Ecce
925 1915 1020 1954 puer
1040 1914 1151 1941 meus

768 1970 778 1988 ‘
794 1979 911 2017 quem
930 1965 1048 2016 elegi·
1074 1966 1112 2003 di

768 2030 913 2069 ‘lectus
931 2040 1040 2067 meus
1059 2029 1099 2066 in

767 2097 776 2114 ‘
792 2106 870 2144 quo
889 2092 988 2130 bene
1008 2104 1085 2130 con

767 2161 775 2178 ‘
791 2156 933 2207 placuit
953 2155 1084 2194 anima

766 2223 775 2240 ‘
791 2232 878 2259 mea
894 2237 902 2246 ·
932 2230 1079 2270 ponam

763 2286 773 2303 ‘
790 2295 904 2333 super
927 2293 1017 2321 eum
1036 2283 1124 2330 spm

766 2349 775 2366 ‘
791 2357 924 2384 meum
937 2363 945 2371 ·
975 2344 1027 2382 Et
1045 2342 1125 2381 iudi

765 2411 775 2428 ‘
790 2408 895 2447 cium
917 2406 1096 2458 gentibus

766 2474 774 2491 ‘
791 2469 1042 2510 adnuntiabit.

769 2534 908 2573 ‘¹⁹non
927 2530 1136 2572 contendet

767 2601 777 2618 ⁴
793 2609 866 2635 nec
886 2594 1066 2635 clamabit
1080 2611 1088 2620 ·

768 2662 778 2681 ‘
794 2659 933 2709 Neque
954 2657 1083 2696 audiet
1102 2655 1151 2694 ali

767 2726 776 2745 ‘
792 2723 877 2772 quis
896 2722 936 2759 in
955 2719 1089 2770 plateis
1107 2730 1160 2757 uo

767 2789 776 2805 ‘
793 2797 879 2823 cem
899 2783 980 2822 eius
994 2798 1002 2808 ·
1037 2781 1124 2820 ²⁰ha

768 2851 778 2869 ‘
794 2845 998 2885 rundinem
1018 2856 1115 2895 quas

769 2911 779 2930 ‘
794 2915 918 2949 satam
936 2919 1017 2947 non
1036 2919 1113 2957 con

1307 313 1316 330 ‘
1330 312 1492 363 fringet·
1523 313 1575 352 Et
1593 314 1619 351 li

1306 371 1315 388 ‘
1332 386 1427 412 num
1446 374 1642 426 fumigans

1307 438 1317 456 ‘
1332 448 1415 474 non
1436 438 1639 488 extinguet

1308 501 1317 518 ‘
1333 498 1436 537 done
1455 507 1578 549 ponat
1597 500 1677 539 iudi

1308 564 1317 580 ‘
1332 561 1434 599 cium
1454 562 1504 600 ad
1523 555 1667 602 uincen

1308 626 1316 642 ‘
1332 623 1447 662 dum·
1476 622 1549 663 ²²et
1567 625 1607 663 in
1626 637 1679 664 no

1308 689 1317 706 ‘
1333 686 1437 725 mine
1457 687 1539 726 eius
1557 700 1635 738 gen

1307 750 1316 767 ¹
1332 754 1390 787 tes
1410 750 1622 799 sperabunt
1639 772 1646 781 ·

1305 808 1335 831 ²²
1346 810 1463 850 Tunc
1483 812 1633 851 oblatus
1652 819 1710 851 est

1306 874 1341 912 ei
1361 874 1639 914 daemoniacus
1694 867 1698 869 ’

1306 948 1446 975 caecus
1466 943 1504 975 et
1522 943 1653 977 mutus

1305 1005 1343 1036 et
1362 999 1507 1038 curauit
1526 1012 1616 1038 eum
1633 1021 1641 1030 ·

1307 1061 1366 1100 Ita
1386 1068 1428 1100 ut
1447 1074 1588 1100 caecus
1608 1069 1646 1102 et
1665 1075 1733 1101 mu

1306 1131 1367 1163 tus
1390 1124 1611 1174 loqueretur

1306 1194 1344 1225 et
1361 1187 1508 1226 uideret
1522 1205 1530 1213 -

1306 1248 1334 1270 ²³
1346 1250 1396 1288 Et
1415 1250 1620 1300 stupebant
1639 1262 1707 1288 om

1306 1324 1376 1350 nes
1396 1313 1527 1351 turbae
1566 1319 1605 1351 et

1306 1375 1487 1414 dicebant
1526 1387 1621 1413 num

1305 1437 1396 1488 quid
1416 1437 1478 1477 hic
1497 1443 1555 1476 est
1574 1437 1626 1475 fili

1303 1513 1350 1540 us
1371 1500 1509 1539 dauid·
1537 1497 1647 1538 ”fari

1305 1563 1359 1602 sei
1378 1569 1507 1602 autem
1526 1562 1615 1601 audi

1303 1656 1411 1689 entes
1430 1650 1607 1688 dixerunt
1621 1667 1629 1676 ·

1305 1712 1385 1751 Hic
1406 1725 1488 1751 non
1507 1712 1596 1750 eicit
1615 1712 1734 1751 demo

1305 1776 1370 1814 nia
1417 1775 1489 1813 nisi
1508 1775 1548 1812 in
1563 1774 1759 1813 beelzebul

1304 1838 1522 1888 principem
1542 1837 1685 1876 daemo

1304 1901 1458 1939 niorum
1472 1917 1480 1926 ·
1510 1897 1540 1921 ²⁶
1552 1899 1686 1938 Sciens

1305 1970 1434 2001 autem
1453 1962 1511 2000 ihs
1529 1962 1687 2012 cogitati
1709 1991 1712 1994 .

1304 2037 1400 2064 ones
1419 2036 1555 2063 eorum
1600 2025 1694 2063 dixit

1304 2088 1360 2126 eis
1376 2105 1384 2114 ·
1416 2086 1546 2126 Omne
1565 2094 1717 2136 regnu-

1303 2150 1471 2188 diuisum
1490 2150 1589 2187 intra
1609 2161 1650 2187 se

1303 2225 1383 2251 non
1404 2212 1517 2251 stabit
1530 2228 1538 2237 ·
1569 2211 1620 2249 Et
1640 2223 1707 2250 om

1302 2276 1362 2314 nis
1377 2275 1510 2314 ciuitas
1528 2274 1591 2312 uel
1611 2274 1663 2313 do

1302 2350 1389 2376 mus
1409 2337 1531 2375 diuisa
1550 2343 1686 2376 contra

1303 2413 1343 2440 se
1363 2412 1445 2439 non
1464 2399 1599 2438 stabit·
1630 2399 1659 2421 ²⁶
1675 2398 1716 2438 Si

1247 2487 1253 2493 ›
1301 2463 1408 2502 enim
1428 2468 1583 2501 satanas
1604 2467 1688 2500 sata

1301 2539 1380 2565 nan
1399 2523 1486 2564 eicit
1532 2524 1652 2563 aduer

1302 2600 1367 2629 sus
1387 2601 1428 2631 se
1448 2587 1593 2626 diuisus
1612 2594 1692 2626 est·

1302 2651 1517 2699 Quomodo
1538 2663 1630 2700 erga
1650 2656 1709 2689 sta

1301 2714 1356 2752 bit
1374 2725 1540 2763 regnum
1559 2713 1641 2751 eius

2231 211 2282 256 15

1815 313 1912 354 Ideo
1931 315 2013 366 ipse
2032 316 2177 368 iudices
2196 330 2219 357 e

1813 384 1903 416 runt
1922 378 2037 417 uestri
2052 396 2060 404 ·
2090 377 2118 400 ²⁸
2132 380 2172 418 Si

1814 446 1944 478 autem
1965 441 2004 479 in
2025 445 2098 491 spu
2117 442 2157 480 di

1813 515 1889 552 ego
1909 503 2125 543 daemones
2145 505 2240 544 eicio
2253 523 2262 532 ·

1812 565 1945 615 utique
1965 565 2159 617 adpropin

1814 629 1945 679 quauit
1962 629 2002 666 in
2021 641 2093 668 uos
2113 642 2183 680 reg

1812 703 1908 729 num
1928 691 1969 730 di
1982 710 1990 718 ·
2020 690 2049 714 ²⁹
2061 693 2142 731 Aut
2161 702 2234 743 quo

1811 753 1934 793 modo
1955 761 2083 804 potest
2102 756 2188 806 quis

1810 815 1950 854 intrare
1971 818 2012 855 in
2032 817 2194 857 domum

1810 879 1893 918 eius
1912 880 1979 930 qui
2000 880 2107 919 fortis
2127 888 2205 920 est·

1810 948 1849 980 et
1867 954 1962 981 uasa
1981 943 2060 981 eius
2080 943 2202 994 diripe

1809 1016 1852 1043 re
1865 1022 1873 1031 ·
1904 1005 1977 1043 nisi
1997 1005 2102 1055 prius
2121 1006 2188 1045 alli

1808 1068 1958 1116 gauerit
1977 1067 2115 1107 fortem
2129 1087 2138 1094 ·

1809 1136 1847 1167 et
1866 1136 1958 1169 tunc
1978 1129 2140 1169 d0mum
2159 1131 2212 1170 illi

1807 1203 1854 1230 us
1875 1192 2024 1242 diripiet
2039 1210 2047 1219 ·
2078 1192 2182 1244 ³⁰qui

1807 1266 1889 1293 non
1908 1260 1966 1293 est
1985 1267 2140 1294 mecum
2153 1273 2161 1283 ·
2187 1269 2264 1296 con

1807 1323 1866 1355 tra
1884 1328 1947 1355 me
1966 1324 2024 1356 est
2037 1334 2046 1343 ·
2075 1324 2114 1357 et
2132 1320 2197 1369 qui

1808 1391 1891 1417 non
1910 1387 2121 1431 congregat
2139 1394 2204 1420 me

1809 1453 1900 1479 cum
1916 1458 1924 1468 ·
1973 1444 2117 1493 spargit
2130 1462 2138 1470 -

1808 1503 1940 1544 81Ideo
1957 1505 2044 1544 dico
2056 1507 2167 1547 uobis
2181 1525 2189 1533 ·
2211 1520 2278 1547 om

1809 1579 1860 1606 ne
1879 1574 2083 1618 peccatum
2100 1575 2138 1608 et
2157 1569 2240 1609 blas

1807 1654 1923 1694 semia
1941 1655 2091 1695 remitte

1808 1722 1868 1755 tur
1887 1717 2109 1757 hominibus
2124 1746 2132 1758 .

1807 1782 1872 1828 sps
1893 1786 2023 1818 autem
2043 1780 2163 1819 blasfe

1806 1842 1931 1880 miae·
1962 1855 2044 1881 non
2061 1844 2174 1882 remit

1804 1910 1904 1942 tetur
1922 1904 2142 1944 hominibus

1805 1965 1890 2005 82Et
1910 1968 2143 2019 quicumque
2163 1968 2228 2007 dix

1806 2030 1875 2068 erit
1894 2030 2056 2068 uerbum

1806 2098 1941 2130 contra
1960 2091 2080 2130 filium

1806 2154 1975 2192 hominis
2013 2155 2126 2193 remit

1805 2224 1904 2256 tetur
1923 2217 1958 2255 ei
1971 2235 1979 2243 ·
2027 2218 2093 2267 qui

1806 2285 1936 2318 autem
1955 2279 2090 2318 dixerit

1806 2348 1942 2381 contra
1962 2346 2049 2391 spm
2070 2347 2152 2381 scm
2168 2360 2177 2370 ·

1805 2417 1887 2443 non
1906 2405 2118 2443 remittetur

1805 2467 1839 2506 ei
1859 2479 1985 2517 neque
2004 2467 2043 2505 in
2063 2466 2138 2506 hoc

1804 2529 1936 2568 seculo
1976 2541 2102 2580 neque

1803 2592 1844 2630 in
1862 2591 1988 2630 futuro
2005 2613 2012 2622 ·
2029 2613 2036 2622 ·
2054 2609 2108 2626 φ,

1777 2654 1915 2692 *⁸³Aut
1934 2654 2044 2693 facite
2064 2654 2160 2694 arbo

1776 2717 1883 2755 *rem
1901 2717 2047 2755 bonam
2063 2733 2071 2742 ·

1301 2775 1419 2814 ²⁷Etsi
1431 2774 1757 2825 egoinbeelzebul
1776 2780 1837 2818 *et
1855 2779 2022 2818 fructum
2041 2779 2122 2818 eius

1302 2831 1399 2870 eicio
1419 2829 1648 2868 daemonia·
1691 2830 1718 2868 fi
1776 2839 1974 2881 ffionum,
2004 2841 2083 2880 Aut
2103 2841 2142 2881 fa

1302 2893 1340 2931 lii
1359 2892 1476 2933 uestri
1493 2892 1534 2931 in
1548 2904 1628 2945 quo
1646 2892 1718 2931 eici

1670 2960 1741 2995 unt

1799 2905 1874 2945 cite
1893 2904 2070 2945 arborem

2300 330 2381 363 1¹01.
2398 331 2465 364 29.
