<?xml version="1.0" encoding="UTF-8"?>
<!DOCTYPE html PUBLIC "-//W3C//DTD XHTML 1.0 Transitional//EN"
    "http://www.w3.org/TR/xhtml1/DTD/xhtml1-transitional.dtd">
<html xmlns="http://www.w3.org/1999/xhtml" xml:lang="en" lang="en">
 <head>
  <title>
</title>
<meta http-equiv="Content-Type" content="text/html;charset=utf-8" />
  <meta name='ocr-system' content='tesseract 3.04.00' />
  <meta name='ocr-capabilities' content='ocr_page ocr_carea ocr_par ocr_line ocrx_word'/>
</head>
<body>
  <div class='ocr_page' id='page_1' title='image "./fourgospelsfromm00whit_0108.png"; bbox 0 0 2872 3268; ppageno 0'>
   <div class='ocr_carea' id='block_1_1' title="bbox 351 345 527 377">
    <p class='ocr_par' dir='ltr' id='par_1_1' title="bbox 351 345 527 377">
     <span class='ocr_line' id='line_1_1' title="bbox 351 345 527 377; baseline 0.006 -2"><span class='ocrx_word' id='word_1_1' title='bbox 351 345 432 377; x_wconf 69' lang='lat'><strong>1¹01.</strong></span> <span class='ocrx_word' id='word_1_2' title='bbox 447 345 527 377; x_wconf 80' lang='lat'>219.</span> 
     </span>
    </p>
   </div>
   <div class='ocr_carea' id='block_1_2' title="bbox 561 236 617 282">
    <p class='ocr_par' dir='ltr' id='par_1_2' title="bbox 561 236 617 282">
     <span class='ocr_line' id='line_1_2' title="bbox 561 236 617 282; baseline 0 -13"><span class='ocrx_word' id='word_1_3' title='bbox 561 236 617 282; x_wconf 81' lang='grc'>50</span> 
     </span>
    </p>
   </div>
   <div class='ocr_carea' id='block_1_3' title="bbox 546 342 1001 1566">
    <p class='ocr_par' dir='ltr' id='par_1_3' title="bbox 558 342 1001 580">
     <span class='ocr_line' id='line_1_3' title="bbox 559 342 980 381; baseline -0.002 -1"><span class='ocrx_word' id='word_1_4' title='bbox 559 342 601 380; x_wconf 90' lang='lat' dir='ltr'>in</span> <span class='ocrx_word' id='word_1_5' title='bbox 619 342 739 380; x_wconf 89' lang='lat' dir='ltr'>uitam</span> <span class='ocrx_word' id='word_1_6' title='bbox 758 345 955 381; x_wconf 80' lang='lat' dir='ltr'>aeternam</span> <span class='ocrx_word' id='word_1_7' title='bbox 971 362 980 371; x_wconf 89' lang='lat'><strong>·</strong></span> 
     </span>
     <span class='ocr_line' id='line_1_4' title="bbox 559 403 936 451; baseline -0.005 -8"><span class='ocrx_word' id='word_1_8' title='bbox 559 403 691 451; x_wconf 84' lang='lat' dir='ltr'>Quam</span> <span class='ocrx_word' id='word_1_9' title='bbox 711 404 808 442; x_wconf 90' lang='lat' dir='ltr'>filius</span> <span class='ocrx_word' id='word_1_10' title='bbox 827 404 936 442; x_wconf 90' lang='lat' dir='ltr'>homi</span> 
     </span>
     <span class='ocr_line' id='line_1_5' title="bbox 558 467 1001 506; baseline -0.005 -1"><span class='ocrx_word' id='word_1_11' title='bbox 558 467 620 506; x_wconf 90' lang='lat' dir='ltr'>nis</span> <span class='ocrx_word' id='word_1_12' title='bbox 639 467 745 505; x_wconf 89' lang='lat' dir='ltr'>dabit</span> <span class='ocrx_word' id='word_1_13' title='bbox 764 467 877 504; x_wconf 89' lang='lat' dir='ltr'>uobis</span> <span class='ocrx_word' id='word_1_14' title='bbox 897 467 1001 504; x_wconf 90' lang='lat' dir='ltr'>hunc</span> 
     </span>
     <span class='ocr_line' id='line_1_6' title="bbox 558 530 922 580; baseline -0.008 -12"><span class='ocrx_word' id='word_1_15' title='bbox 558 530 664 568; x_wconf 89' lang='lat' dir='ltr'>enim</span> <span class='ocrx_word' id='word_1_16' title='bbox 683 536 791 580; x_wconf 89' lang='lat' dir='ltr'>pater</span> <span class='ocrx_word' id='word_1_17' title='bbox 810 530 922 577; x_wconf 84' lang='lat' dir='ltr'>signa</span> 
     </span>
    </p>

    <p class='ocr_par' dir='ltr' id='par_1_4' title="bbox 554 589 993 827">
     <span class='ocr_line' id='line_1_7' title="bbox 557 589 993 631; baseline -0.005 -2"><span class='ocrx_word' id='word_1_18' title='bbox 557 592 612 631; x_wconf 93' lang='lat' dir='ltr'>uit</span> <span class='ocrx_word' id='word_1_19' title='bbox 632 592 678 630; x_wconf 70' lang='lat' dir='ltr'>ds</span> <span class='ocrx_word' id='word_1_20' title='bbox 695 612 703 621; x_wconf 93' lang='lat'><strong>·</strong></span> <span class='ocrx_word' id='word_1_21' title='bbox 721 613 729 621; x_wconf 92' lang='lat'><strong>·</strong></span> <span class='ocrx_word' id='word_1_22' title='bbox 760 589 789 611; x_wconf 74' lang='lat'>²⁸</span> <span class='ocrx_word' id='word_1_23' title='bbox 800 590 993 628; x_wconf 91' lang='lat' dir='ltr'>Dixerunt</span> 
     </span>
     <span class='ocr_line' id='line_1_8' title="bbox 557 652 989 704; baseline -0.005 -12"><span class='ocrx_word' id='word_1_24' title='bbox 557 666 652 704; x_wconf 86' lang='lat' dir='ltr'>ergo</span> <span class='ocrx_word' id='word_1_25' title='bbox 673 653 722 692; x_wconf 90' lang='lat' dir='ltr'>ad</span> <span class='ocrx_word' id='word_1_26' title='bbox 741 665 829 691; x_wconf 90' lang='lat' dir='ltr'>eum</span> <span class='ocrx_word' id='word_1_27' title='bbox 846 673 855 682; x_wconf 90' lang='lat'><strong>·</strong></span> <span class='ocrx_word' id='word_1_28' title='bbox 896 652 989 703; x_wconf 92' lang='lat' dir='ltr'>quid</span> 
     </span>
     <span class='ocr_line' id='line_1_9' title="bbox 555 716 896 764; baseline -0.006 -10"><span class='ocrx_word' id='word_1_29' title='bbox 555 716 741 754; x_wconf 88' lang='lat' dir='ltr'>faciemus</span> <span class='ocrx_word' id='word_1_30' title='bbox 760 722 801 752; x_wconf 92' lang='lat' dir='ltr'>ut</span> <span class='ocrx_word' id='word_1_31' title='bbox 820 727 896 764; x_wconf 92' lang='lat' dir='ltr'>ope</span> 
     </span>
     <span class='ocr_line' id='line_1_10' title="bbox 554 777 902 827; baseline -0.003 -12"><span class='ocrx_word' id='word_1_32' title='bbox 554 790 680 815; x_wconf 83' lang='lat' dir='ltr'>remur</span> <span class='ocrx_word' id='word_1_33' title='bbox 700 789 819 827; x_wconf 84' lang='lat' dir='ltr'>opera</span> <span class='ocrx_word' id='word_1_34' title='bbox 839 777 878 815; x_wconf 86' lang='lat' dir='ltr'>di</span> <span class='ocrx_word' id='word_1_35' title='bbox 893 797 902 806; x_wconf 90' lang='lat'>-</span> 
     </span>
    </p>

    <p class='ocr_par' dir='ltr' id='par_1_5' title="bbox 546 839 993 1566">
     <span class='ocr_line' id='line_1_11' title="bbox 554 839 950 890; baseline -0.003 -12"><span class='ocrx_word' id='word_1_36' title='bbox 554 841 583 862; x_wconf 76' lang='lat'>²⁹</span> <span class='ocrx_word' id='word_1_37' title='bbox 597 839 814 890; x_wconf 86' lang='lat' dir='ltr'>Respondit</span> <span class='ocrx_word' id='word_1_38' title='bbox 833 839 893 877; x_wconf 83' lang='lat' dir='ltr'>ihs</span> <span class='ocrx_word' id='word_1_39' title='bbox 912 845 950 877; x_wconf 94' lang='lat' dir='ltr'>et</span> 
     </span>
     <span class='ocr_line' id='line_1_12' title="bbox 553 901 938 940; baseline 0 -1"><span class='ocrx_word' id='word_1_40' title='bbox 553 902 648 940; x_wconf 85' lang='lat' dir='ltr'>dixit</span> <span class='ocrx_word' id='word_1_41' title='bbox 667 902 721 940; x_wconf 92' lang='lat' dir='ltr'>eis</span> <span class='ocrx_word' id='word_1_42' title='bbox 735 922 744 932; x_wconf 91' lang='lat'><strong>·</strong></span> <span class='ocrx_word' id='word_1_43' title='bbox 785 901 859 940; x_wconf 93' lang='lat' dir='ltr'>hoc</span> <span class='ocrx_word' id='word_1_44' title='bbox 881 907 938 939; x_wconf 86' lang='lat' dir='ltr'>est</span> 
     </span>
     <span class='ocr_line' id='line_1_13' title="bbox 552 963 945 1014; baseline 0 -12"><span class='ocrx_word' id='word_1_45' title='bbox 552 975 653 1014; x_wconf 92' lang='lat' dir='ltr'>opus</span> <span class='ocrx_word' id='word_1_46' title='bbox 671 963 713 1002; x_wconf 78' lang='lat' dir='ltr'>di</span> <span class='ocrx_word' id='word_1_47' title='bbox 767 969 810 1002; x_wconf 89' lang='lat' dir='ltr'>ut</span> <span class='ocrx_word' id='word_1_48' title='bbox 829 964 945 1002; x_wconf 89' lang='lat' dir='ltr'>creda</span> 
     </span>
     <span class='ocr_line' id='line_1_14' title="bbox 552 1026 951 1076; baseline 0 -12"><span class='ocrx_word' id='word_1_49' title='bbox 552 1027 600 1064; x_wconf 89' lang='lat' dir='ltr'>tis</span> <span class='ocrx_word' id='word_1_50' title='bbox 620 1026 660 1064; x_wconf 93' lang='lat' dir='ltr'>in</span> <span class='ocrx_word' id='word_1_51' title='bbox 680 1038 769 1064; x_wconf 92' lang='lat' dir='ltr'>eum</span> <span class='ocrx_word' id='word_1_52' title='bbox 789 1038 906 1076; x_wconf 92' lang='lat' dir='ltr'>quem</span> <span class='ocrx_word' id='word_1_53' title='bbox 926 1027 951 1064; x_wconf 93' lang='lat' dir='ltr'>il</span> 
     </span>
     <span class='ocr_line' id='line_1_15' title="bbox 550 1088 993 1127; baseline 0.002 -1"><span class='ocrx_word' id='word_1_54' title='bbox 550 1089 586 1127; x_wconf 94' lang='lat' dir='ltr'>le</span> <span class='ocrx_word' id='word_1_55' title='bbox 606 1089 709 1127; x_wconf 89' lang='lat' dir='ltr'>misit</span> <span class='ocrx_word' id='word_1_56' title='bbox 722 1109 731 1118; x_wconf 92' lang='lat'><strong>·</strong></span> <span class='ocrx_word' id='word_1_57' title='bbox 760 1088 790 1110; x_wconf 80' lang='lat'>³⁰</span> <span class='ocrx_word' id='word_1_58' title='bbox 802 1088 993 1127; x_wconf 89' lang='lat' dir='ltr'>Dixerunt</span> 
     </span>
     <span class='ocr_line' id='line_1_16' title="bbox 550 1151 932 1202; baseline 0.005 -14"><span class='ocrx_word' id='word_1_59' title='bbox 550 1151 602 1189; x_wconf 89' lang='lat' dir='ltr'>illi</span> <span class='ocrx_word' id='word_1_60' title='bbox 648 1152 756 1201; x_wconf 93' lang='lat' dir='ltr'>quod</span> <span class='ocrx_word' id='word_1_61' title='bbox 774 1164 870 1202; x_wconf 90' lang='lat' dir='ltr'>ergo</span> <span class='ocrx_word' id='word_1_62' title='bbox 890 1159 932 1190; x_wconf 94' lang='lat' dir='ltr'>tu</span> 
     </span>
     <span class='ocr_line' id='line_1_17' title="bbox 549 1214 910 1263; baseline 0.008 -13"><span class='ocrx_word' id='word_1_63' title='bbox 549 1214 644 1253; x_wconf 89' lang='lat' dir='ltr'>facis</span> <span class='ocrx_word' id='word_1_64' title='bbox 665 1214 820 1263; x_wconf 88' lang='lat' dir='ltr'>signum</span> <span class='ocrx_word' id='word_1_65' title='bbox 868 1221 910 1253; x_wconf 90' lang='lat' dir='ltr'>ut</span> 
     </span>
     <span class='ocr_line' id='line_1_18' title="bbox 549 1276 891 1316; baseline 0.003 -2"><span class='ocrx_word' id='word_1_66' title='bbox 549 1276 750 1315; x_wconf 85' lang='lat' dir='ltr'>uideamus</span> <span class='ocrx_word' id='word_1_67' title='bbox 769 1283 807 1315; x_wconf 93' lang='lat' dir='ltr'>et</span> <span class='ocrx_word' id='word_1_68' title='bbox 827 1289 891 1316; x_wconf 91' lang='lat' dir='ltr'>cre</span> 
     </span>
     <span class='ocr_line' id='line_1_19' title="bbox 548 1339 930 1390; baseline 0.005 -13"><span class='ocrx_word' id='word_1_69' title='bbox 548 1339 685 1378; x_wconf 89' lang='lat' dir='ltr'>damus</span> <span class='ocrx_word' id='word_1_70' title='bbox 705 1340 773 1378; x_wconf 92' lang='lat' dir='ltr'>tibi</span> <span class='ocrx_word' id='word_1_71' title='bbox 793 1339 885 1390; x_wconf 92' lang='lat' dir='ltr'>quid</span> <span class='ocrx_word' id='word_1_72' title='bbox 902 1352 930 1379; x_wconf 89' lang='lat'>0</span> 
     </span>
     <span class='ocr_line' id='line_1_20' title="bbox 547 1401 934 1452; baseline 0.008 -14"><span class='ocrx_word' id='word_1_73' title='bbox 547 1402 693 1452; x_wconf 80' lang='lat' dir='ltr'>peratis</span> <span class='ocrx_word' id='word_1_74' title='bbox 709 1423 717 1432; x_wconf 93' lang='lat'>·</span> <span class='ocrx_word' id='word_1_75' title='bbox 759 1401 787 1422; x_wconf 78' lang='lat'>³¹</span> <span class='ocrx_word' id='word_1_76' title='bbox 802 1402 934 1442; x_wconf 87' lang='lat' dir='ltr'>Patres</span> 
     </span>
     <span class='ocr_line' id='line_1_21' title="bbox 547 1464 835 1504; baseline 0.003 -2"><span class='ocrx_word' id='word_1_77' title='bbox 547 1464 668 1502; x_wconf 90' lang='lat' dir='ltr'>nostri</span> <span class='ocrx_word' id='word_1_78' title='bbox 688 1477 835 1504; x_wconf 90' lang='lat' dir='ltr'>manna</span> 
     </span>
     <span class='ocr_line' id='line_1_22' title="bbox 546 1526 876 1566; baseline 0.003 -2"><span class='ocrx_word' id='word_1_79' title='bbox 546 1526 876 1566; x_wconf 87' lang='lat' dir='ltr'>manducauerunt</span> 
     </span>
    </p>
   </div>
   <div class='ocr_carea' id='block_1_4' title="bbox 539 1615 1012 2851">
    <p class='ocr_par' dir='ltr' id='par_1_6' title="bbox 541 1615 1012 2229">
     <span class='ocr_line' id='line_1_23' title="bbox 546 1615 898 1655; baseline 0.006 -3"><span class='ocrx_word' id='word_1_80' title='bbox 546 1615 587 1652; x_wconf 90' lang='lat' dir='ltr'>in</span> <span class='ocrx_word' id='word_1_81' title='bbox 608 1615 761 1654; x_wconf 90' lang='lat' dir='ltr'>deserto</span> <span class='ocrx_word' id='word_1_82' title='bbox 800 1616 898 1655; x_wconf 89' lang='lat' dir='ltr'>sicut</span> 
     </span>
     <span class='ocr_line' id='line_1_24' title="bbox 546 1678 923 1729; baseline 0.005 -14"><span class='ocrx_word' id='word_1_83' title='bbox 546 1678 806 1727; x_wconf 87' lang='lat' dir='ltr'>scriptumest</span> <span class='ocrx_word' id='word_1_84' title='bbox 822 1699 831 1708; x_wconf 92' lang='lat'><strong>·</strong></span> <span class='ocrx_word' id='word_1_85' title='bbox 872 1691 923 1729; x_wconf 90' lang='lat' dir='ltr'>pa</span> 
     </span>
     <span class='ocr_line' id='line_1_25' title="bbox 545 1740 939 1789; baseline 0.005 -12"><span class='ocrx_word' id='word_1_86' title='bbox 545 1752 638 1778; x_wconf 90' lang='lat' dir='ltr'>nem</span> <span class='ocrx_word' id='word_1_87' title='bbox 658 1740 707 1778; x_wconf 92' lang='lat' dir='ltr'>de</span> <span class='ocrx_word' id='word_1_88' title='bbox 727 1741 812 1779; x_wconf 90' lang='lat' dir='ltr'>celo</span> <span class='ocrx_word' id='word_1_89' title='bbox 833 1741 939 1789; x_wconf 87' lang='lat' dir='ltr'>dedit</span> 
     </span>
     <span class='ocr_line' id='line_1_26' title="bbox 542 1802 897 1842; baseline 0.008 -3"><span class='ocrx_word' id='word_1_90' title='bbox 542 1802 616 1840; x_wconf 86' lang='lat' dir='ltr'>illis</span> <span class='ocrx_word' id='word_1_91' title='bbox 635 1803 871 1842; x_wconf 89' lang='lat' dir='ltr'>manducare</span> <span class='ocrx_word' id='word_1_92' title='bbox 888 1825 897 1834; x_wconf 90' lang='lat'><strong>·</strong></span> 
     </span>
     <span class='ocr_line' id='line_1_27' title="bbox 541 1864 1012 1905; baseline 0.006 -3"><span class='ocrx_word' id='word_1_93' title='bbox 541 1864 687 1903; x_wconf 73' lang='lat' dir='ltr'>3²Dixit</span> <span class='ocrx_word' id='word_1_94' title='bbox 703 1866 775 1904; x_wconf 94' lang='lat' dir='ltr'>illis</span> <span class='ocrx_word' id='word_1_95' title='bbox 790 1866 848 1904; x_wconf 82' lang='lat' dir='ltr'>ihs</span> <span class='ocrx_word' id='word_1_96' title='bbox 882 1866 1012 1905; x_wconf 90' lang='lat' dir='ltr'>Amen</span> 
     </span>
     <span class='ocr_line' id='line_1_28' title="bbox 542 1928 923 1968; baseline 0.005 -3"><span class='ocrx_word' id='word_1_97' title='bbox 542 1939 658 1966; x_wconf 85' lang='lat' dir='ltr'>amen</span> <span class='ocrx_word' id='word_1_98' title='bbox 678 1928 766 1967; x_wconf 92' lang='lat' dir='ltr'>dico</span> <span class='ocrx_word' id='word_1_99' title='bbox 785 1930 898 1968; x_wconf 90' lang='lat' dir='ltr'>uobis</span> <span class='ocrx_word' id='word_1_100' title='bbox 915 1951 923 1959; x_wconf 93' lang='lat'><strong>·</strong></span> 
     </span>
     <span class='ocr_line' id='line_1_29' title="bbox 542 1991 926 2042; baseline 0.008 -15"><span class='ocrx_word' id='word_1_101' title='bbox 542 2002 624 2028; x_wconf 92' lang='lat' dir='ltr'>non</span> <span class='ocrx_word' id='word_1_102' title='bbox 645 2003 800 2042; x_wconf 91' lang='lat' dir='ltr'>moyses</span> <span class='ocrx_word' id='word_1_103' title='bbox 820 1991 926 2030; x_wconf 85' lang='lat' dir='ltr'>dedit</span> 
     </span>
     <span class='ocr_line' id='line_1_30' title="bbox 542 2052 978 2103; baseline 0.009 -14"><span class='ocrx_word' id='word_1_104' title='bbox 542 2052 615 2090; x_wconf 92' lang='lat' dir='ltr'>illis</span> <span class='ocrx_word' id='word_1_105' title='bbox 634 2066 777 2103; x_wconf 86' lang='lat' dir='ltr'>panem</span> <span class='ocrx_word' id='word_1_106' title='bbox 798 2054 846 2092; x_wconf 93' lang='lat' dir='ltr'>de</span> <span class='ocrx_word' id='word_1_107' title='bbox 866 2055 952 2093; x_wconf 91' lang='lat' dir='ltr'>celo</span> <span class='ocrx_word' id='word_1_108' title='bbox 970 2076 978 2084; x_wconf 91' lang='lat'><strong>·</strong></span> 
     </span>
     <span class='ocr_line' id='line_1_31' title="bbox 545 2114 956 2166; baseline 0.007 -14"><span class='ocrx_word' id='word_1_109' title='bbox 545 2114 624 2153; x_wconf 89' lang='lat' dir='ltr'>Sed</span> <span class='ocrx_word' id='word_1_110' title='bbox 643 2122 755 2166; x_wconf 91' lang='lat' dir='ltr'>pater</span> <span class='ocrx_word' id='word_1_111' title='bbox 774 2129 885 2154; x_wconf 90' lang='lat' dir='ltr'>meus</span> <span class='ocrx_word' id='word_1_112' title='bbox 907 2117 956 2155; x_wconf 94' lang='lat' dir='ltr'>de</span> 
     </span>
     <span class='ocr_line' id='line_1_32' title="bbox 543 2177 893 2229; baseline 0.006 -15"><span class='ocrx_word' id='word_1_113' title='bbox 543 2177 599 2215; x_wconf 93' lang='lat' dir='ltr'>dit</span> <span class='ocrx_word' id='word_1_114' title='bbox 616 2178 729 2217; x_wconf 89' lang='lat' dir='ltr'>uobis</span> <span class='ocrx_word' id='word_1_115' title='bbox 749 2191 893 2229; x_wconf 90' lang='lat' dir='ltr'>panem</span> 
     </span>
    </p>

    <p class='ocr_par' dir='ltr' id='par_1_7' title="bbox 543 2239 926 2278">
     <span class='ocr_line' id='line_1_33' title="bbox 543 2239 926 2278; baseline 0.003 -1"><span class='ocrx_word' id='word_1_116' title='bbox 543 2239 593 2277; x_wconf 90' lang='lat' dir='ltr'>de</span> <span class='ocrx_word' id='word_1_117' title='bbox 613 2240 722 2278; x_wconf 86' lang='lat' dir='ltr'>caelo</span> <span class='ocrx_word' id='word_1_118' title='bbox 740 2253 877 2278; x_wconf 90' lang='lat' dir='ltr'>uerum</span> <span class='ocrx_word' id='word_1_119' title='bbox 894 2263 901 2270; x_wconf 93' lang='lat'><em>-</em></span> <span class='ocrx_word' id='word_1_120' title='bbox 917 2263 926 2270; x_wconf 88' lang='lat'><strong>·</strong></span> 
     </span>
    </p>

    <p class='ocr_par' dir='ltr' id='par_1_8' title="bbox 540 2301 1008 2726">
     <span class='ocr_line' id='line_1_34' title="bbox 541 2301 958 2351; baseline 0.005 -11"><span class='ocrx_word' id='word_1_121' title='bbox 541 2301 570 2322; x_wconf 77' lang='lat'>⁸⁸</span> <span class='ocrx_word' id='word_1_122' title='bbox 582 2303 695 2351; x_wconf 89' lang='lat' dir='ltr'>panis</span> <span class='ocrx_word' id='word_1_123' title='bbox 715 2304 820 2341; x_wconf 90' lang='lat' dir='ltr'>enim</span> <span class='ocrx_word' id='word_1_124' title='bbox 841 2304 881 2342; x_wconf 78' lang='lat' dir='ltr'>di</span> <span class='ocrx_word' id='word_1_125' title='bbox 900 2309 958 2342; x_wconf 93' lang='lat' dir='ltr'>est</span> 
     </span>
     <span class='ocr_line' id='line_1_35' title="bbox 542 2365 897 2415; baseline 0.011 -14"><span class='ocrx_word' id='word_1_126' title='bbox 542 2365 608 2415; x_wconf 95' lang='lat' dir='ltr'>qui</span> <span class='ocrx_word' id='word_1_127' title='bbox 628 2365 829 2405; x_wconf 90' lang='lat' dir='ltr'>descendit</span> <span class='ocrx_word' id='word_1_128' title='bbox 848 2367 897 2405; x_wconf 93' lang='lat' dir='ltr'>de</span> 
     </span>
     <span class='ocr_line' id='line_1_36' title="bbox 541 2427 935 2467; baseline 0.008 -3"><span class='ocrx_word' id='word_1_129' title='bbox 541 2427 651 2465; x_wconf 92' lang='lat' dir='ltr'>caelo</span> <span class='ocrx_word' id='word_1_130' title='bbox 689 2434 727 2466; x_wconf 89' lang='lat' dir='ltr'>et</span> <span class='ocrx_word' id='word_1_131' title='bbox 745 2429 867 2467; x_wconf 89' lang='lat' dir='ltr'>uitam</span> <span class='ocrx_word' id='word_1_132' title='bbox 887 2428 935 2467; x_wconf 92' lang='lat' dir='ltr'>de</span> 
     </span>
     <span class='ocr_line' id='line_1_37' title="bbox 541 2489 912 2530; baseline 0.013 -5"><span class='ocrx_word' id='word_1_133' title='bbox 541 2489 596 2526; x_wconf 91' lang='lat' dir='ltr'>dit</span> <span class='ocrx_word' id='word_1_134' title='bbox 615 2490 705 2529; x_wconf 90' lang='lat' dir='ltr'>huic</span> <span class='ocrx_word' id='word_1_135' title='bbox 725 2491 858 2530; x_wconf 91' lang='lat' dir='ltr'>seculo</span> <span class='ocrx_word' id='word_1_136' title='bbox 876 2512 885 2521; x_wconf 94' lang='lat'><strong>·</strong></span> <span class='ocrx_word' id='word_1_137' title='bbox 905 2513 912 2521; x_wconf 95' lang='lat'><strong>·</strong></span> 
     </span>
     <span class='ocr_line' id='line_1_38' title="bbox 540 2550 1008 2604; baseline 0.015 -18"><span class='ocrx_word' id='word_1_138' title='bbox 540 2550 1008 2604; x_wconf 74' lang='lat' dir='ltr'>³⁴Dixeruntergoadeu-</span> 
     </span>
     <span class='ocr_line' id='line_1_39' title="bbox 541 2614 880 2666; baseline 0.009 -15"><span class='ocrx_word' id='word_1_139' title='bbox 541 2614 617 2653; x_wconf 77' lang='lat' dir='ltr'>dfie</span> <span class='ocrx_word' id='word_1_140' title='bbox 656 2627 810 2666; x_wconf 88' lang='lat' dir='ltr'>semper</span> <span class='ocrx_word' id='word_1_141' title='bbox 829 2617 880 2654; x_wconf 92' lang='lat' dir='ltr'>da</span> 
     </span>
     <span class='ocr_line' id='line_1_40' title="bbox 540 2677 941 2726; baseline 0.007 -13"><span class='ocrx_word' id='word_1_142' title='bbox 540 2677 655 2715; x_wconf 90' lang='lat' dir='ltr'>nobis</span> <span class='ocrx_word' id='word_1_143' title='bbox 675 2690 817 2726; x_wconf 89' lang='lat' dir='ltr'>panem</span> <span class='ocrx_word' id='word_1_144' title='bbox 836 2678 941 2717; x_wconf 91' lang='lat' dir='ltr'>hunc</span> 
     </span>
    </p>

    <p class='ocr_par' dir='ltr' id='par_1_9' title="bbox 539 2737 980 2851">
     <span class='ocr_line' id='line_1_41' title="bbox 540 2737 980 2789; baseline 0.014 -15"><span class='ocrx_word' id='word_1_145' title='bbox 540 2737 569 2758; x_wconf 84' lang='grc'>55</span> <span class='ocrx_word' id='word_1_146' title='bbox 581 2738 689 2776; x_wconf 82' lang='lat' dir='ltr'>Dixit</span> <span class='ocrx_word' id='word_1_147' title='bbox 707 2752 802 2789; x_wconf 88' lang='lat' dir='ltr'>ergo</span> <span class='ocrx_word' id='word_1_148' title='bbox 822 2742 878 2779; x_wconf 88' lang='lat' dir='ltr'>eis</span> <span class='ocrx_word' id='word_1_149' title='bbox 898 2742 957 2780; x_wconf 82' lang='lat' dir='ltr'>ihs</span> <span class='ocrx_word' id='word_1_150' title='bbox 971 2762 980 2772; x_wconf 92' lang='lat'><strong>·</strong></span> 
     </span>
     <span class='ocr_line' id='line_1_42' title="bbox 539 2803 974 2851; baseline 0.014 -14"><span class='ocrx_word' id='word_1_151' title='bbox 539 2811 616 2849; x_wconf 88' lang='lat' dir='ltr'>ego</span> <span class='ocrx_word' id='word_1_152' title='bbox 636 2812 722 2839; x_wconf 90' lang='lat' dir='ltr'>sum</span> <span class='ocrx_word' id='word_1_153' title='bbox 741 2803 852 2851; x_wconf 90' lang='lat' dir='ltr'>panis</span> <span class='ocrx_word' id='word_1_154' title='bbox 871 2804 974 2843; x_wconf 87' lang='lat' dir='ltr'>uitae</span> 
     </span>
    </p>
   </div>
   <div class='ocr_carea' id='block_1_5' title="bbox 1426 223 1699 265">
    <p class='ocr_par' dir='ltr' id='par_1_10' title="bbox 1426 223 1699 265">
     <span class='ocr_line' id='line_1_43' title="bbox 1426 223 1699 265; baseline -0.004 -1"><span class='ocrx_word' id='word_1_155' title='bbox 1426 223 1674 265; x_wconf 86' lang='lat' dir='ltr'><em>SECUND</em></span> <span class='ocrx_word' id='word_1_156' title='bbox 1690 245 1699 254; x_wconf 90' lang='lat'><strong>·</strong></span> 
     </span>
    </p>
   </div>
   <div class='ocr_carea' id='block_1_6' title="bbox 1041 338 1518 2854">
    <p class='ocr_par' dir='ltr' id='par_1_11' title="bbox 1060 338 1481 576">
     <span class='ocr_line' id='line_1_44' title="bbox 1060 338 1403 390; baseline -0.003 -12"><span class='ocrx_word' id='word_1_157' title='bbox 1060 340 1125 390; x_wconf 92' lang='lat' dir='ltr'>qui</span> <span class='ocrx_word' id='word_1_158' title='bbox 1145 339 1251 378; x_wconf 87' lang='lat' dir='ltr'>uenit</span> <span class='ocrx_word' id='word_1_159' title='bbox 1270 338 1320 377; x_wconf 88' lang='lat' dir='ltr'>ad</span> <span class='ocrx_word' id='word_1_160' title='bbox 1340 350 1403 377; x_wconf 91' lang='lat' dir='ltr'>me</span> 
     </span>
     <span class='ocr_line' id='line_1_45' title="bbox 1061 400 1481 451; baseline -0.002 -12"><span class='ocrx_word' id='word_1_161' title='bbox 1061 415 1140 441; x_wconf 92' lang='lat' dir='ltr'>non</span> <span class='ocrx_word' id='word_1_162' title='bbox 1160 401 1294 440; x_wconf 73' lang='lat' dir='ltr'>esuriet</span> <span class='ocrx_word' id='word_1_163' title='bbox 1306 421 1315 431; x_wconf 87' lang='lat'><strong>·</strong></span> <span class='ocrx_word' id='word_1_164' title='bbox 1344 400 1396 438; x_wconf 91' lang='lat' dir='ltr'>Et</span> <span class='ocrx_word' id='word_1_165' title='bbox 1415 401 1481 451; x_wconf 93' lang='lat' dir='ltr'>qui</span> 
     </span>
     <span class='ocr_line' id='line_1_46' title="bbox 1060 464 1376 503; baseline -0.003 -1"><span class='ocrx_word' id='word_1_166' title='bbox 1060 464 1180 503; x_wconf 89' lang='lat' dir='ltr'>credit</span> <span class='ocrx_word' id='word_1_167' title='bbox 1198 464 1274 502; x_wconf 90' lang='lat' dir='ltr'>ime</span> <span class='ocrx_word' id='word_1_168' title='bbox 1294 475 1376 501; x_wconf 89' lang='lat' dir='ltr'>non</span> 
     </span>
     <span class='ocr_line' id='line_1_47' title="bbox 1060 526 1388 576; baseline -0.003 -13"><span class='ocrx_word' id='word_1_169' title='bbox 1060 526 1157 564; x_wconf 90' lang='lat' dir='ltr'>sitiet</span> <span class='ocrx_word' id='word_1_170' title='bbox 1176 537 1363 576; x_wconf 88' lang='lat' dir='ltr'>umquam</span> <span class='ocrx_word' id='word_1_171' title='bbox 1379 546 1388 556; x_wconf 91' lang='lat'><strong>·</strong></span> 
     </span>
    </p>

    <p class='ocr_par' dir='ltr' id='par_1_12' title="bbox 1052 587 1513 1253">
     <span class='ocr_line' id='line_1_48' title="bbox 1059 587 1513 639; baseline 0 -13"><span class='ocrx_word' id='word_1_172' title='bbox 1059 588 1089 609; x_wconf 78' lang='lat'>³⁶</span> <span class='ocrx_word' id='word_1_173' title='bbox 1103 587 1180 626; x_wconf 92' lang='lat' dir='ltr'>Sed</span> <span class='ocrx_word' id='word_1_174' title='bbox 1201 588 1279 626; x_wconf 88' lang='lat' dir='ltr'>dixi</span> <span class='ocrx_word' id='word_1_175' title='bbox 1294 588 1406 627; x_wconf 91' lang='lat' dir='ltr'>uobis</span> <span class='ocrx_word' id='word_1_176' title='bbox 1422 587 1513 639; x_wconf 86' lang='lat' dir='ltr'>quia</span> 
     </span>
     <span class='ocr_line' id='line_1_49' title="bbox 1058 651 1421 689; baseline 0 0"><span class='ocrx_word' id='word_1_177' title='bbox 1058 658 1096 689; x_wconf 93' lang='lat' dir='ltr'>et</span> <span class='ocrx_word' id='word_1_178' title='bbox 1115 651 1262 689; x_wconf 90' lang='lat' dir='ltr'>uidistis</span> <span class='ocrx_word' id='word_1_179' title='bbox 1281 656 1319 689; x_wconf 92' lang='lat' dir='ltr'>et</span> <span class='ocrx_word' id='word_1_180' title='bbox 1339 663 1421 689; x_wconf 92' lang='lat' dir='ltr'>non</span> 
     </span>
     <span class='ocr_line' id='line_1_50' title="bbox 1059 713 1443 752; baseline 0.003 -1"><span class='ocrx_word' id='word_1_181' title='bbox 1059 713 1235 751; x_wconf 87' lang='lat' dir='ltr'>creditis·</span> <span class='ocrx_word' id='word_1_182' title='bbox 1275 713 1443 752; x_wconf 77' lang='lat' dir='ltr'>³⁷Omne</span> 
     </span>
     <span class='ocr_line' id='line_1_51' title="bbox 1058 776 1432 826; baseline 0.003 -13"><span class='ocrx_word' id='word_1_183' title='bbox 1058 776 1164 826; x_wconf 90' lang='lat' dir='ltr'>quod</span> <span class='ocrx_word' id='word_1_184' title='bbox 1183 776 1277 814; x_wconf 90' lang='lat' dir='ltr'>mihi</span> <span class='ocrx_word' id='word_1_185' title='bbox 1297 776 1361 814; x_wconf 89' lang='lat' dir='ltr'>dat</span> <span class='ocrx_word' id='word_1_186' title='bbox 1381 788 1432 826; x_wconf 86' lang='lat' dir='ltr'>pa</span> 
     </span>
     <span class='ocr_line' id='line_1_52' title="bbox 1055 839 1436 878; baseline -0.003 -1"><span class='ocrx_word' id='word_1_187' title='bbox 1055 845 1112 878; x_wconf 91' lang='lat' dir='ltr'>ter</span> <span class='ocrx_word' id='word_1_188' title='bbox 1131 839 1183 877; x_wconf 90' lang='lat' dir='ltr'>ad</span> <span class='ocrx_word' id='word_1_189' title='bbox 1203 851 1265 877; x_wconf 91' lang='lat' dir='ltr'>me</span> <span class='ocrx_word' id='word_1_190' title='bbox 1284 839 1414 878; x_wconf 86' lang='lat' dir='ltr'>ueniet</span> <span class='ocrx_word' id='word_1_191' title='bbox 1427 859 1436 869; x_wconf 88' lang='lat'><strong>·</strong></span> 
     </span>
     <span class='ocr_line' id='line_1_53' title="bbox 1055 901 1403 940; baseline 0 -1"><span class='ocrx_word' id='word_1_192' title='bbox 1055 908 1093 940; x_wconf 90' lang='lat' dir='ltr'>et</span> <span class='ocrx_word' id='word_1_193' title='bbox 1112 902 1332 940; x_wconf 90' lang='lat' dir='ltr'>uenientem</span> <span class='ocrx_word' id='word_1_194' title='bbox 1352 901 1403 940; x_wconf 86' lang='lat' dir='ltr'>ad</span> 
     </span>
     <span class='ocr_line' id='line_1_54' title="bbox 1055 964 1383 1014; baseline 0.003 -12"><span class='ocrx_word' id='word_1_195' title='bbox 1055 976 1119 1002; x_wconf 91' lang='lat' dir='ltr'>me</span> <span class='ocrx_word' id='word_1_196' title='bbox 1138 976 1219 1002; x_wconf 91' lang='lat' dir='ltr'>non</span> <span class='ocrx_word' id='word_1_197' title='bbox 1238 964 1383 1014; x_wconf 92' lang='lat' dir='ltr'>repello</span> 
     </span>
     <span class='ocr_line' id='line_1_55' title="bbox 1055 1026 1455 1077; baseline 0.005 -13"><span class='ocrx_word' id='word_1_198' title='bbox 1055 1026 1158 1064; x_wconf 91' lang='lat' dir='ltr'>foras</span> <span class='ocrx_word' id='word_1_199' title='bbox 1175 1047 1184 1056; x_wconf 91' lang='lat'><strong>·</strong></span> <span class='ocrx_word' id='word_1_200' title='bbox 1228 1026 1256 1048; x_wconf 80' lang='lat'>³⁸</span> <span class='ocrx_word' id='word_1_201' title='bbox 1272 1031 1367 1077; x_wconf 79' lang='lat' dir='ltr'>qfim</span> <span class='ocrx_word' id='word_1_202' title='bbox 1387 1026 1455 1066; x_wconf 91' lang='lat' dir='ltr'>des</span> 
     </span>
     <span class='ocr_line' id='line_1_56' title="bbox 1055 1089 1414 1129; baseline 0.003 -2"><span class='ocrx_word' id='word_1_203' title='bbox 1055 1089 1170 1128; x_wconf 92' lang='lat' dir='ltr'>cendi</span> <span class='ocrx_word' id='word_1_204' title='bbox 1190 1089 1238 1128; x_wconf 91' lang='lat' dir='ltr'>de</span> <span class='ocrx_word' id='word_1_205' title='bbox 1257 1090 1340 1129; x_wconf 91' lang='lat' dir='ltr'>celo</span> <span class='ocrx_word' id='word_1_206' title='bbox 1372 1096 1414 1128; x_wconf 92' lang='lat' dir='ltr'>ut</span> 
     </span>
     <span class='ocr_line' id='line_1_57' title="bbox 1054 1151 1436 1191; baseline 0.005 -2"><span class='ocrx_word' id='word_1_207' title='bbox 1054 1163 1136 1190; x_wconf 90' lang='lat' dir='ltr'>non</span> <span class='ocrx_word' id='word_1_208' title='bbox 1155 1151 1295 1191; x_wconf 87' lang='lat' dir='ltr'>faciam</span> <span class='ocrx_word' id='word_1_209' title='bbox 1315 1153 1436 1191; x_wconf 92' lang='lat' dir='ltr'>uolun</span> 
     </span>
     <span class='ocr_line' id='line_1_58' title="bbox 1052 1220 1347 1253; baseline 0.003 -1"><span class='ocrx_word' id='word_1_210' title='bbox 1052 1220 1172 1253; x_wconf 88' lang='lat' dir='ltr'>tatem</span> <span class='ocrx_word' id='word_1_211' title='bbox 1192 1227 1322 1253; x_wconf 87' lang='lat' dir='ltr'>meam</span> <span class='ocrx_word' id='word_1_212' title='bbox 1338 1235 1347 1245; x_wconf 90' lang='lat'><strong>·</strong></span> 
     </span>
    </p>

    <p class='ocr_par' dir='ltr' id='par_1_13' title="bbox 1053 1277 1382 1316">
     <span class='ocr_line' id='line_1_59' title="bbox 1053 1277 1382 1316; baseline 0 -1"><span class='ocrx_word' id='word_1_213' title='bbox 1053 1277 1122 1315; x_wconf 92' lang='lat' dir='ltr'>sed</span> <span class='ocrx_word' id='word_1_214' title='bbox 1141 1278 1382 1316; x_wconf 88' lang='lat' dir='ltr'>uoluntatem</span> 
     </span>
    </p>

    <p class='ocr_par' dir='ltr' id='par_1_14' title="bbox 1046 1339 1518 2102">
     <span class='ocr_line' id='line_1_60' title="bbox 1053 1339 1448 1390; baseline 0.005 -14"><span class='ocrx_word' id='word_1_215' title='bbox 1053 1339 1133 1378; x_wconf 92' lang='lat' dir='ltr'>eius</span> <span class='ocrx_word' id='word_1_216' title='bbox 1153 1340 1219 1390; x_wconf 90' lang='lat' dir='ltr'>qui</span> <span class='ocrx_word' id='word_1_217' title='bbox 1238 1352 1302 1378; x_wconf 91' lang='lat' dir='ltr'>me</span> <span class='ocrx_word' id='word_1_218' title='bbox 1322 1340 1424 1378; x_wconf 87' lang='lat' dir='ltr'>misit</span> <span class='ocrx_word' id='word_1_219' title='bbox 1440 1361 1448 1370; x_wconf 90' lang='lat'><strong>·</strong></span> 
     </span>
     <span class='ocr_line' id='line_1_61' title="bbox 1052 1401 1518 1442; baseline 0.002 -3"><span class='ocrx_word' id='word_1_220' title='bbox 1052 1401 1081 1423; x_wconf 80' lang='lat'>⁸⁹</span> <span class='ocrx_word' id='word_1_221' title='bbox 1090 1401 1201 1440; x_wconf 88' lang='lat' dir='ltr'>Haec</span> <span class='ocrx_word' id='word_1_222' title='bbox 1215 1408 1273 1440; x_wconf 88' lang='lat' dir='ltr'>est</span> <span class='ocrx_word' id='word_1_223' title='bbox 1284 1403 1390 1441; x_wconf 90' lang='lat' dir='ltr'>enim</span> <span class='ocrx_word' id='word_1_224' title='bbox 1400 1402 1518 1442; x_wconf 91' lang='lat' dir='ltr'>uolun</span> 
     </span>
     <span class='ocr_line' id='line_1_62' title="bbox 1050 1465 1453 1515; baseline 0.002 -13"><span class='ocrx_word' id='word_1_225' title='bbox 1050 1470 1110 1503; x_wconf 88' lang='lat' dir='ltr'>tas</span> <span class='ocrx_word' id='word_1_226' title='bbox 1129 1465 1212 1502; x_wconf 90' lang='lat' dir='ltr'>eius</span> <span class='ocrx_word' id='word_1_227' title='bbox 1231 1465 1297 1515; x_wconf 90' lang='lat' dir='ltr'>qui</span> <span class='ocrx_word' id='word_1_228' title='bbox 1316 1477 1379 1504; x_wconf 90' lang='lat' dir='ltr'>me</span> <span class='ocrx_word' id='word_1_229' title='bbox 1399 1466 1453 1503; x_wconf 90' lang='lat' dir='ltr'>mi</span> 
     </span>
     <span class='ocr_line' id='line_1_63' title="bbox 1049 1527 1460 1578; baseline 0.002 -14"><span class='ocrx_word' id='word_1_230' title='bbox 1049 1527 1099 1565; x_wconf 90' lang='lat' dir='ltr'>sit</span> <span class='ocrx_word' id='word_1_231' title='bbox 1113 1547 1122 1556; x_wconf 94' lang='lat'><strong>·</strong></span> <span class='ocrx_word' id='word_1_232' title='bbox 1162 1534 1204 1565; x_wconf 92' lang='lat' dir='ltr'>ut</span> <span class='ocrx_word' id='word_1_233' title='bbox 1222 1539 1341 1566; x_wconf 90' lang='lat' dir='ltr'>omne</span> <span class='ocrx_word' id='word_1_234' title='bbox 1361 1527 1460 1578; x_wconf 85' lang='lat' dir='ltr'>quod</span> 
     </span>
     <span class='ocr_line' id='line_1_64' title="bbox 1052 1613 1482 1654; baseline 0.002 -2"><span class='ocrx_word' id='word_1_235' title='bbox 1052 1614 1158 1652; x_wconf 87' lang='lat' dir='ltr'>dedit</span> <span class='ocrx_word' id='word_1_236' title='bbox 1176 1613 1270 1652; x_wconf 91' lang='lat' dir='ltr'>mihi</span> <span class='ocrx_word' id='word_1_237' title='bbox 1289 1626 1369 1654; x_wconf 92' lang='lat' dir='ltr'>non</span> <span class='ocrx_word' id='word_1_238' title='bbox 1385 1615 1482 1653; x_wconf 66' lang='lat' dir='ltr'>‘amit</span> 
     </span>
     <span class='ocr_line' id='line_1_65' title="bbox 1049 1677 1458 1727; baseline 0.002 -12"><span class='ocrx_word' id='word_1_239' title='bbox 1049 1683 1130 1715; x_wconf 87' lang='lat' dir='ltr'>tam</span> <span class='ocrx_word' id='word_1_240' title='bbox 1150 1677 1296 1727; x_wconf 88' lang='lat' dir='ltr'>aliquid</span> <span class='ocrx_word' id='word_1_241' title='bbox 1314 1690 1364 1716; x_wconf 88' lang='lat' dir='ltr'>ex</span> <span class='ocrx_word' id='word_1_242' title='bbox 1384 1689 1432 1716; x_wconf 89' lang='lat' dir='ltr'>eo</span> <span class='ocrx_word' id='word_1_243' title='bbox 1449 1698 1458 1708; x_wconf 90' lang='lat'><strong>·</strong></span> 
     </span>
     <span class='ocr_line' id='line_1_66' title="bbox 1050 1739 1467 1790; baseline 0.002 -13"><span class='ocrx_word' id='word_1_244' title='bbox 1050 1739 1129 1778; x_wconf 89' lang='lat' dir='ltr'>Sed</span> <span class='ocrx_word' id='word_1_245' title='bbox 1147 1740 1375 1778; x_wconf 91' lang='lat' dir='ltr'>resuscitem</span> <span class='ocrx_word' id='word_1_246' title='bbox 1390 1752 1467 1790; x_wconf 86' lang='lat' dir='ltr'>ego</span> 
     </span>
     <span class='ocr_line' id='line_1_67' title="bbox 1049 1802 1449 1842; baseline 0.005 -3"><span class='ocrx_word' id='word_1_247' title='bbox 1049 1802 1155 1840; x_wconf 90' lang='lat' dir='ltr'>illum</span> <span class='ocrx_word' id='word_1_248' title='bbox 1175 1802 1215 1840; x_wconf 94' lang='lat' dir='ltr'>in</span> <span class='ocrx_word' id='word_1_249' title='bbox 1235 1803 1449 1842; x_wconf 85' lang='lat' dir='ltr'>nouissima</span> 
     </span>
     <span class='ocr_line' id='line_1_68' title="bbox 1047 1865 1412 1904; baseline 0.003 -1"><span class='ocrx_word' id='word_1_250' title='bbox 1047 1865 1112 1903; x_wconf 93' lang='lat' dir='ltr'>die</span> <span class='ocrx_word' id='word_1_251' title='bbox 1128 1885 1136 1894; x_wconf 91' lang='lat'><strong>·</strong></span> <span class='ocrx_word' id='word_1_252' title='bbox 1177 1865 1207 1886; x_wconf 74' lang='lat'>⁴⁰</span> <span class='ocrx_word' id='word_1_253' title='bbox 1221 1865 1332 1904; x_wconf 87' lang='lat' dir='ltr'>Haec</span> <span class='ocrx_word' id='word_1_254' title='bbox 1353 1872 1412 1904; x_wconf 91' lang='lat' dir='ltr'>est</span> 
     </span>
     <span class='ocr_line' id='line_1_69' title="bbox 1046 1928 1424 1979; baseline 0.003 -13"><span class='ocrx_word' id='word_1_255' title='bbox 1046 1928 1153 1966; x_wconf 91' lang='lat' dir='ltr'>enim</span> <span class='ocrx_word' id='word_1_256' title='bbox 1172 1928 1354 1967; x_wconf 88' lang='lat' dir='ltr'>uoluntas</span> <span class='ocrx_word' id='word_1_257' title='bbox 1372 1940 1424 1979; x_wconf 87' lang='lat' dir='ltr'>pa</span> 
     </span>
     <span class='ocr_line' id='line_1_70' title="bbox 1046 1990 1470 2030; baseline 0.007 -3"><span class='ocrx_word' id='word_1_258' title='bbox 1046 1990 1114 2029; x_wconf 91' lang='lat' dir='ltr'>tris</span> <span class='ocrx_word' id='word_1_259' title='bbox 1133 1991 1210 2029; x_wconf 90' lang='lat' dir='ltr'>mei</span> <span class='ocrx_word' id='word_1_260' title='bbox 1227 2012 1236 2021; x_wconf 92' lang='lat'><strong>·</strong></span> <span class='ocrx_word' id='word_1_261' title='bbox 1278 1998 1322 2030; x_wconf 89' lang='lat' dir='ltr'>ut</span> <span class='ocrx_word' id='word_1_262' title='bbox 1341 1991 1470 2030; x_wconf 89' lang='lat' dir='ltr'>omnis</span> 
     </span>
     <span class='ocr_line' id='line_1_71' title="bbox 1046 2053 1378 2102; baseline 0.003 -12"><span class='ocrx_word' id='word_1_263' title='bbox 1046 2053 1113 2102; x_wconf 89' lang='lat' dir='ltr'>qui</span> <span class='ocrx_word' id='word_1_264' title='bbox 1132 2053 1238 2092; x_wconf 91' lang='lat' dir='ltr'>uidet</span> <span class='ocrx_word' id='word_1_265' title='bbox 1257 2054 1378 2092; x_wconf 86' lang='lat' dir='ltr'>filium</span> 
     </span>
    </p>

    <p class='ocr_par' dir='ltr' id='par_1_15' title="bbox 1044 2116 1476 2404">
     <span class='ocr_line' id='line_1_72' title="bbox 1046 2116 1405 2155; baseline 0.006 -2"><span class='ocrx_word' id='word_1_266' title='bbox 1046 2121 1084 2153; x_wconf 91' lang='lat' dir='ltr'>et</span> <span class='ocrx_word' id='word_1_267' title='bbox 1103 2116 1224 2154; x_wconf 90' lang='lat' dir='ltr'>credit</span> <span class='ocrx_word' id='word_1_268' title='bbox 1241 2117 1283 2154; x_wconf 90' lang='lat' dir='ltr'>in</span> <span class='ocrx_word' id='word_1_269' title='bbox 1301 2117 1405 2155; x_wconf 87' lang='lat' dir='ltr'>illum</span> 
     </span>
     <span class='ocr_line' id='line_1_73' title="bbox 1046 2177 1455 2217; baseline 0.005 -2"><span class='ocrx_word' id='word_1_270' title='bbox 1046 2177 1188 2216; x_wconf 88' lang='lat' dir='ltr'>habeat</span> <span class='ocrx_word' id='word_1_271' title='bbox 1211 2179 1332 2217; x_wconf 90' lang='lat' dir='ltr'>uitam</span> <span class='ocrx_word' id='word_1_272' title='bbox 1351 2185 1455 2217; x_wconf 85' lang='lat' dir='ltr'>aeter</span> 
     </span>
     <span class='ocr_line' id='line_1_74' title="bbox 1047 2241 1404 2279; baseline 0.006 -2"><span class='ocrx_word' id='word_1_273' title='bbox 1047 2253 1140 2278; x_wconf 91' lang='lat' dir='ltr'>nam</span> <span class='ocrx_word' id='word_1_274' title='bbox 1156 2261 1165 2270; x_wconf 91' lang='lat'><strong>·</strong></span> <span class='ocrx_word' id='word_1_275' title='bbox 1203 2247 1242 2279; x_wconf 91' lang='lat' dir='ltr'>et</span> <span class='ocrx_word' id='word_1_276' title='bbox 1261 2241 1404 2279; x_wconf 89' lang='lat' dir='ltr'>resusci</span> 
     </span>
     <span class='ocr_line' id='line_1_75' title="bbox 1045 2303 1476 2352; baseline 0.005 -12"><span class='ocrx_word' id='word_1_277' title='bbox 1045 2309 1124 2340; x_wconf 88' lang='lat' dir='ltr'>tem</span> <span class='ocrx_word' id='word_1_278' title='bbox 1145 2315 1221 2352; x_wconf 87' lang='lat' dir='ltr'>ego</span> <span class='ocrx_word' id='word_1_279' title='bbox 1236 2303 1343 2341; x_wconf 89' lang='lat' dir='ltr'>illum</span> <span class='ocrx_word' id='word_1_280' title='bbox 1362 2304 1402 2341; x_wconf 93' lang='lat' dir='ltr'>in</span> <span class='ocrx_word' id='word_1_281' title='bbox 1423 2315 1476 2342; x_wconf 89' lang='lat' dir='ltr'>no</span> 
     </span>
     <span class='ocr_line' id='line_1_76' title="bbox 1044 2365 1308 2404; baseline 0.008 -2"><span class='ocrx_word' id='word_1_282' title='bbox 1044 2365 1202 2404; x_wconf 89' lang='lat' dir='ltr'>uissima</span> <span class='ocrx_word' id='word_1_283' title='bbox 1221 2366 1283 2404; x_wconf 93' lang='lat' dir='ltr'>die</span> <span class='ocrx_word' id='word_1_284' title='bbox 1299 2386 1308 2396; x_wconf 88' lang='lat'><strong>·</strong></span> 
     </span>
    </p>

    <p class='ocr_par' dir='ltr' id='par_1_16' title="bbox 1041 2427 1471 2854">
     <span class='ocr_line' id='line_1_77' title="bbox 1043 2427 1446 2467; baseline 0 -2"><span class='ocrx_word' id='word_1_285' title='bbox 1043 2427 1071 2448; x_wconf 83' lang='lat'>⁴¹</span> <span class='ocrx_word' id='word_1_286' title='bbox 1086 2427 1385 2467; x_wconf 88' lang='lat' dir='ltr'>Murmurabant</span> <span class='ocrx_word' id='word_1_287' title='bbox 1405 2440 1446 2466; x_wconf 93' lang='lat' dir='ltr'>er</span> 
     </span>
     <span class='ocr_line' id='line_1_78' title="bbox 1042 2490 1470 2541; baseline 0.002 -13"><span class='ocrx_word' id='word_1_288' title='bbox 1042 2502 1095 2540; x_wconf 89' lang='lat' dir='ltr'>go</span> <span class='ocrx_word' id='word_1_289' title='bbox 1115 2490 1218 2528; x_wconf 92' lang='lat' dir='ltr'>iudei</span> <span class='ocrx_word' id='word_1_290' title='bbox 1237 2490 1287 2529; x_wconf 91' lang='lat' dir='ltr'>de</span> <span class='ocrx_word' id='word_1_291' title='bbox 1307 2503 1355 2529; x_wconf 93' lang='lat' dir='ltr'>eo</span> <span class='ocrx_word' id='word_1_292' title='bbox 1375 2495 1470 2541; x_wconf 77' lang='lat' dir='ltr'>qfim</span> 
     </span>
     <span class='ocr_line' id='line_1_79' title="bbox 1043 2552 1471 2603; baseline -0.002 -12"><span class='ocrx_word' id='word_1_293' title='bbox 1043 2552 1135 2591; x_wconf 86' lang='lat' dir='ltr'>dixit</span> <span class='ocrx_word' id='word_1_294' title='bbox 1155 2565 1230 2603; x_wconf 87' lang='lat' dir='ltr'>ego</span> <span class='ocrx_word' id='word_1_295' title='bbox 1251 2565 1338 2591; x_wconf 92' lang='lat' dir='ltr'>sum</span> <span class='ocrx_word' id='word_1_296' title='bbox 1358 2552 1471 2603; x_wconf 87' lang='lat' dir='ltr'>panis</span> 
     </span>
     <span class='ocr_line' id='line_1_80' title="bbox 1042 2615 1469 2666; baseline 0 -12"><span class='ocrx_word' id='word_1_297' title='bbox 1042 2616 1108 2666; x_wconf 90' lang='lat' dir='ltr'>qui</span> <span class='ocrx_word' id='word_1_298' title='bbox 1129 2616 1176 2654; x_wconf 94' lang='lat' dir='ltr'>de</span> <span class='ocrx_word' id='word_1_299' title='bbox 1196 2616 1305 2654; x_wconf 88' lang='lat' dir='ltr'>caelo</span> <span class='ocrx_word' id='word_1_300' title='bbox 1324 2615 1469 2654; x_wconf 87' lang='lat' dir='ltr'>descen</span> 
     </span>
     <span class='ocr_line' id='line_1_81' title="bbox 1042 2678 1437 2717; baseline 0.005 -2"><span class='ocrx_word' id='word_1_301' title='bbox 1042 2678 1080 2716; x_wconf 94' lang='lat' dir='ltr'>di</span> <span class='ocrx_word' id='word_1_302' title='bbox 1095 2699 1103 2708; x_wconf 93' lang='lat'>-</span> <span class='ocrx_word' id='word_1_303' title='bbox 1145 2678 1175 2700; x_wconf 75' lang='lat'>⁴²²</span> <span class='ocrx_word' id='word_1_304' title='bbox 1184 2678 1235 2716; x_wconf 94' lang='lat' dir='ltr'>Et</span> <span class='ocrx_word' id='word_1_305' title='bbox 1255 2679 1437 2717; x_wconf 88' lang='lat' dir='ltr'>dicebant</span> 
     </span>
     <span class='ocr_line' id='line_1_82' title="bbox 1041 2740 1414 2780; baseline 0.003 -2"><span class='ocrx_word' id='word_1_306' title='bbox 1041 2753 1175 2779; x_wconf 86' lang='lat' dir='ltr'>nonne</span> <span class='ocrx_word' id='word_1_307' title='bbox 1196 2740 1259 2779; x_wconf 91' lang='lat' dir='ltr'>hie</span> <span class='ocrx_word' id='word_1_308' title='bbox 1277 2747 1335 2780; x_wconf 89' lang='lat' dir='ltr'>est</span> <span class='ocrx_word' id='word_1_309' title='bbox 1354 2740 1414 2779; x_wconf 81' lang='lat' dir='ltr'>ihs</span> 
     </span>
     <span class='ocr_line' id='line_1_83' title="bbox 1041 2803 1330 2854; baseline 0.003 -13"><span class='ocrx_word' id='word_1_310' title='bbox 1041 2803 1139 2841; x_wconf 89' lang='lat' dir='ltr'>filius</span> <span class='ocrx_word' id='word_1_311' title='bbox 1159 2803 1305 2854; x_wconf 88' lang='lat' dir='ltr'>Ioseph</span> <span class='ocrx_word' id='word_1_312' title='bbox 1321 2825 1330 2834; x_wconf 92' lang='lat'><strong>·</strong></span> 
     </span>
    </p>
   </div>
   <div class='ocr_carea' id='block_1_7' title="bbox 1588 338 2060 1565">
    <p class='ocr_par' dir='ltr' id='par_1_17' title="bbox 1596 338 1980 439">
     <span class='ocr_line' id='line_1_84' title="bbox 1597 338 1980 388; baseline -0.003 -11"><span class='ocrx_word' id='word_1_313' title='bbox 1597 338 1717 377; x_wconf 91' lang='lat' dir='ltr'>Cuius</span> <span class='ocrx_word' id='word_1_314' title='bbox 1736 349 1810 376; x_wconf 89' lang='lat' dir='ltr'>nos</span> <span class='ocrx_word' id='word_1_315' title='bbox 1828 343 1980 388; x_wconf 87' lang='lat' dir='ltr'>patrem</span> 
     </span>
     <span class='ocr_line' id='line_1_85' title="bbox 1596 401 1921 439; baseline -0.003 0"><span class='ocrx_word' id='word_1_316' title='bbox 1596 401 1779 439; x_wconf 87' lang='lat' dir='ltr'>nouimus</span> <span class='ocrx_word' id='word_1_317' title='bbox 1798 407 1836 439; x_wconf 90' lang='lat' dir='ltr'>et</span> <span class='ocrx_word' id='word_1_318' title='bbox 1855 412 1921 438; x_wconf 88' lang='lat' dir='ltr'>ma</span> 
     </span>
    </p>

    <p class='ocr_par' dir='ltr' id='par_1_18' title="bbox 1596 462 1963 575">
     <span class='ocr_line' id='line_1_86' title="bbox 1596 462 1963 513; baseline 0.003 -12"><span class='ocrx_word' id='word_1_319' title='bbox 1596 469 1694 502; x_wconf 88' lang='lat' dir='ltr'>trem</span> <span class='ocrx_word' id='word_1_320' title='bbox 1709 484 1718 493; x_wconf 94' lang='lat'><strong>·</strong></span> <span class='ocrx_word' id='word_1_321' title='bbox 1761 462 1963 513; x_wconf 90' lang='lat' dir='ltr'>quomodo</span> 
     </span>
     <span class='ocr_line' id='line_1_87' title="bbox 1596 525 1936 575; baseline 0 -12"><span class='ocrx_word' id='word_1_322' title='bbox 1596 537 1692 575; x_wconf 92' lang='lat' dir='ltr'>ergo</span> <span class='ocrx_word' id='word_1_323' title='bbox 1713 525 1805 564; x_wconf 94' lang='lat' dir='ltr'>dicit</span> <span class='ocrx_word' id='word_1_324' title='bbox 1841 528 1936 575; x_wconf 80' lang='lat' dir='ltr'>q1‘1m</span> 
     </span>
    </p>

    <p class='ocr_par' dir='ltr' id='par_1_19' title="bbox 1595 587 1976 627">
     <span class='ocr_line' id='line_1_88' title="bbox 1595 587 1976 627; baseline 0.003 -2"><span class='ocrx_word' id='word_1_325' title='bbox 1595 588 1643 626; x_wconf 91' lang='lat' dir='ltr'>de</span> <span class='ocrx_word' id='word_1_326' title='bbox 1663 588 1748 627; x_wconf 91' lang='lat' dir='ltr'>celo</span> <span class='ocrx_word' id='word_1_327' title='bbox 1767 587 1951 626; x_wconf 85' lang='lat' dir='ltr'>descendi</span> <span class='ocrx_word' id='word_1_328' title='bbox 1967 608 1976 618; x_wconf 93' lang='lat'><strong>·</strong></span> 
     </span>
    </p>

    <p class='ocr_par' dir='ltr' id='par_1_20' title="bbox 1595 650 2049 752">
     <span class='ocr_line' id='line_1_89' title="bbox 1595 650 2049 700; baseline 0 -11"><span class='ocrx_word' id='word_1_329' title='bbox 1595 650 1624 672; x_wconf 78' lang='lat'>⁴³</span> <span class='ocrx_word' id='word_1_330' title='bbox 1637 650 1857 700; x_wconf 89' lang='lat' dir='ltr'>Respondit</span> <span class='ocrx_word' id='word_1_331' title='bbox 1875 662 1971 700; x_wconf 88' lang='lat' dir='ltr'>ergo</span> <span class='ocrx_word' id='word_1_332' title='bbox 1991 650 2049 689; x_wconf 83' lang='lat' dir='ltr'>ihs</span> 
     </span>
     <span class='ocr_line' id='line_1_90' title="bbox 1595 712 1985 752; baseline -0.003 -1"><span class='ocrx_word' id='word_1_333' title='bbox 1595 719 1634 751; x_wconf 91' lang='lat' dir='ltr'>et</span> <span class='ocrx_word' id='word_1_334' title='bbox 1653 712 1748 751; x_wconf 91' lang='lat' dir='ltr'>dixit</span> <span class='ocrx_word' id='word_1_335' title='bbox 1765 712 1838 752; x_wconf 90' lang='lat' dir='ltr'>illis</span> <span class='ocrx_word' id='word_1_336' title='bbox 1854 734 1864 743; x_wconf 92' lang='lat'><strong>·</strong></span> <span class='ocrx_word' id='word_1_337' title='bbox 1904 712 1985 751; x_wconf 84' lang='lat' dir='ltr'>noli</span> 
     </span>
    </p>

    <p class='ocr_par' dir='ltr' id='par_1_21' title="bbox 1594 776 1952 814">
     <span class='ocr_line' id='line_1_91' title="bbox 1594 776 1952 814; baseline 0 -1"><span class='ocrx_word' id='word_1_338' title='bbox 1594 781 1632 814; x_wconf 92' lang='lat' dir='ltr'>te</span> <span class='ocrx_word' id='word_1_339' title='bbox 1652 786 1892 814; x_wconf 82' lang='lat' dir='ltr'>murmurare</span> <span class='ocrx_word' id='word_1_340' title='bbox 1912 776 1952 813; x_wconf 91' lang='lat' dir='ltr'>in</span> 
     </span>
    </p>

    <p class='ocr_par' dir='ltr' id='par_1_22' title="bbox 1593 837 2043 1064">
     <span class='ocr_line' id='line_1_92' title="bbox 1593 837 2043 888; baseline 0.004 -13"><span class='ocrx_word' id='word_1_341' title='bbox 1593 843 1651 876; x_wconf 89' lang='lat' dir='ltr'>ter</span> <span class='ocrx_word' id='word_1_342' title='bbox 1669 850 1742 876; x_wconf 91' lang='lat' dir='ltr'>uos</span> <span class='ocrx_word' id='word_1_343' title='bbox 1758 858 1767 868; x_wconf 92' lang='lat'><strong>·</strong></span> <span class='ocrx_word' id='word_1_344' title='bbox 1795 837 1826 859; x_wconf 73' lang='lat'>⁴4</span> <span class='ocrx_word' id='word_1_345' title='bbox 1838 837 1970 876; x_wconf 91' lang='lat' dir='ltr'>Nemo</span> <span class='ocrx_word' id='word_1_346' title='bbox 1989 849 2043 888; x_wconf 89' lang='lat' dir='ltr'>po</span> 
     </span>
     <span class='ocr_line' id='line_1_93' title="bbox 1593 900 1994 939; baseline -0.002 0"><span class='ocrx_word' id='word_1_347' title='bbox 1593 906 1668 939; x_wconf 92' lang='lat' dir='ltr'>test</span> <span class='ocrx_word' id='word_1_348' title='bbox 1687 900 1818 939; x_wconf 90' lang='lat' dir='ltr'>uenire</span> <span class='ocrx_word' id='word_1_349' title='bbox 1839 900 1889 939; x_wconf 85' lang='lat' dir='ltr'>ad</span> <span class='ocrx_word' id='word_1_350' title='bbox 1907 913 1971 938; x_wconf 91' lang='lat' dir='ltr'>me</span> <span class='ocrx_word' id='word_1_351' title='bbox 1985 921 1994 930; x_wconf 91' lang='lat'><strong>·</strong></span> 
     </span>
     <span class='ocr_line' id='line_1_94' title="bbox 1593 963 2002 1014; baseline 0.005 -14"><span class='ocrx_word' id='word_1_352' title='bbox 1593 963 1667 1001; x_wconf 90' lang='lat' dir='ltr'>nisi</span> <span class='ocrx_word' id='word_1_353' title='bbox 1686 969 1794 1014; x_wconf 90' lang='lat' dir='ltr'>pater</span> <span class='ocrx_word' id='word_1_354' title='bbox 1813 964 1879 1013; x_wconf 92' lang='lat' dir='ltr'>qui</span> <span class='ocrx_word' id='word_1_355' title='bbox 1898 963 2002 1002; x_wconf 88' lang='lat' dir='ltr'>misit</span> 
     </span>
     <span class='ocr_line' id='line_1_95' title="bbox 1593 1025 1959 1064; baseline 0 -1"><span class='ocrx_word' id='word_1_356' title='bbox 1593 1037 1656 1063; x_wconf 92' lang='lat' dir='ltr'>me</span> <span class='ocrx_word' id='word_1_357' title='bbox 1676 1025 1801 1064; x_wconf 87' lang='lat' dir='ltr'>trahat</span> <span class='ocrx_word' id='word_1_358' title='bbox 1818 1038 1909 1064; x_wconf 92' lang='lat' dir='ltr'>eum</span> <span class='ocrx_word' id='word_1_359' title='bbox 1922 1046 1931 1056; x_wconf 89' lang='lat'><strong>·</strong></span> <span class='ocrx_word' id='word_1_360' title='bbox 1949 1046 1959 1056; x_wconf 87' lang='lat'><strong>·</strong></span> 
     </span>
    </p>

    <p class='ocr_par' dir='ltr' id='par_1_23' title="bbox 1591 1089 1969 1189">
     <span class='ocr_line' id='line_1_96' title="bbox 1591 1089 1969 1138; baseline 0.005 -13"><span class='ocrx_word' id='word_1_361' title='bbox 1591 1093 1630 1126; x_wconf 90' lang='lat' dir='ltr'>et</span> <span class='ocrx_word' id='word_1_362' title='bbox 1643 1099 1717 1138; x_wconf 85' lang='lat' dir='ltr'>ego</span> <span class='ocrx_word' id='word_1_363' title='bbox 1736 1089 1969 1127; x_wconf 79' lang='lat' dir='ltr'>resuscitabo</span> 
     </span>
     <span class='ocr_line' id='line_1_97' title="bbox 1591 1150 1924 1189; baseline 0.003 -1"><span class='ocrx_word' id='word_1_364' title='bbox 1591 1150 1699 1188; x_wconf 91' lang='lat' dir='ltr'>illum</span> <span class='ocrx_word' id='word_1_365' title='bbox 1718 1150 1758 1188; x_wconf 91' lang='lat' dir='ltr'>in</span> <span class='ocrx_word' id='word_1_366' title='bbox 1778 1151 1924 1189; x_wconf 88' lang='lat' dir='ltr'>nouissi</span> 
     </span>
    </p>

    <p class='ocr_par' dir='ltr' id='par_1_24' title="bbox 1588 1212 2060 1565">
     <span class='ocr_line' id='line_1_98' title="bbox 1591 1212 2060 1253; baseline 0.004 -3"><span class='ocrx_word' id='word_1_367' title='bbox 1591 1225 1657 1251; x_wconf 90' lang='lat' dir='ltr'>ma</span> <span class='ocrx_word' id='word_1_368' title='bbox 1676 1212 1737 1251; x_wconf 89' lang='lat' dir='ltr'>die</span> <span class='ocrx_word' id='word_1_369' title='bbox 1754 1234 1763 1243; x_wconf 90' lang='lat'><strong>·</strong></span> <span class='ocrx_word' id='word_1_370' title='bbox 1780 1234 1788 1244; x_wconf 89' lang='lat'><strong>·</strong></span> <span class='ocrx_word' id='word_1_371' title='bbox 1823 1213 1853 1234; x_wconf 80' lang='lat'>⁴⁵</span> <span class='ocrx_word' id='word_1_372' title='bbox 1865 1213 1937 1253; x_wconf 92' lang='lat' dir='ltr'>Est</span> <span class='ocrx_word' id='word_1_373' title='bbox 1958 1214 2060 1252; x_wconf 90' lang='lat' dir='ltr'>scrib</span> 
     </span>
     <span class='ocr_line' id='line_1_99' title="bbox 1590 1275 2019 1326; baseline 0.009 -14"><span class='ocrx_word' id='word_1_374' title='bbox 1590 1281 1673 1313; x_wconf 90' lang='lat' dir='ltr'>tum</span> <span class='ocrx_word' id='word_1_375' title='bbox 1692 1275 1733 1313; x_wconf 92' lang='lat' dir='ltr'>in</span> <span class='ocrx_word' id='word_1_376' title='bbox 1752 1276 1911 1326; x_wconf 86' lang='lat' dir='ltr'>profetis</span> <span class='ocrx_word' id='word_1_377' title='bbox 1927 1297 1936 1307; x_wconf 89' lang='lat'><strong>·</strong></span> <span class='ocrx_word' id='word_1_378' title='bbox 1981 1283 2019 1316; x_wconf 94' lang='lat' dir='ltr'>et</span> 
     </span>
     <span class='ocr_line' id='line_1_100' title="bbox 1591 1339 1930 1378; baseline 0.006 -2"><span class='ocrx_word' id='word_1_379' title='bbox 1591 1345 1701 1376; x_wconf 87' lang='lat' dir='ltr'>erunt</span> <span class='ocrx_word' id='word_1_380' title='bbox 1719 1350 1858 1378; x_wconf 89' lang='lat' dir='ltr'>omnes</span> <span class='ocrx_word' id='word_1_381' title='bbox 1878 1339 1930 1378; x_wconf 93' lang='lat' dir='ltr'>do</span> 
     </span>
     <span class='ocr_line' id='line_1_101' title="bbox 1590 1400 1980 1440; baseline 0.005 -2"><span class='ocrx_word' id='word_1_382' title='bbox 1590 1400 1721 1439; x_wconf 90' lang='lat' dir='ltr'>cibiles</span> <span class='ocrx_word' id='word_1_383' title='bbox 1742 1401 1782 1439; x_wconf 77' lang='lat' dir='ltr'>dr</span> <span class='ocrx_word' id='word_1_384' title='bbox 1797 1421 1807 1431; x_wconf 88' lang='lat'><strong>·</strong></span> <span class='ocrx_word' id='word_1_385' title='bbox 1850 1401 1980 1440; x_wconf 91' lang='lat' dir='ltr'>omnis</span> 
     </span>
     <span class='ocr_line' id='line_1_102' title="bbox 1588 1464 2009 1515; baseline 0.005 -14"><span class='ocrx_word' id='word_1_386' title='bbox 1588 1475 1683 1513; x_wconf 89' lang='lat' dir='ltr'>ergo</span> <span class='ocrx_word' id='word_1_387' title='bbox 1703 1464 1769 1513; x_wconf 91' lang='lat' dir='ltr'>qui</span> <span class='ocrx_word' id='word_1_388' title='bbox 1788 1464 1895 1502; x_wconf 86' lang='lat' dir='ltr'>audit</span> <span class='ocrx_word' id='word_1_389' title='bbox 1915 1476 1938 1503; x_wconf 86' lang='lat' dir='ltr'>a</span> <span class='ocrx_word' id='word_1_390' title='bbox 1957 1476 2009 1515; x_wconf 85' lang='lat' dir='ltr'>pa</span> 
     </span>
     <span class='ocr_line' id='line_1_103' title="bbox 1588 1526 1921 1565; baseline 0.006 -2"><span class='ocrx_word' id='word_1_391' title='bbox 1588 1531 1643 1564; x_wconf 90' lang='lat' dir='ltr'>tre</span> <span class='ocrx_word' id='word_1_392' title='bbox 1664 1532 1702 1565; x_wconf 92' lang='lat' dir='ltr'>et</span> <span class='ocrx_word' id='word_1_393' title='bbox 1721 1526 1852 1565; x_wconf 91' lang='lat' dir='ltr'>didicit</span> <span class='ocrx_word' id='word_1_394' title='bbox 1870 1539 1921 1565; x_wconf 89' lang='lat' dir='ltr'>ue</span> 
     </span>
    </p>
   </div>
   <div class='ocr_carea' id='block_1_8' title="bbox 1584 1613 2056 2169">
    <p class='ocr_par' dir='ltr' id='par_1_25' title="bbox 1586 1613 2056 1979">
     <span class='ocr_line' id='line_1_104' title="bbox 1589 1613 2056 1668; baseline 0.006 -15"><span class='ocrx_word' id='word_1_395' title='bbox 1589 1615 1644 1654; x_wconf 91' lang='lat' dir='ltr'>nit</span> <span class='ocrx_word' id='word_1_396' title='bbox 1657 1615 1707 1654; x_wconf 92' lang='lat' dir='ltr'>ad</span> <span class='ocrx_word' id='word_1_397' title='bbox 1719 1627 1782 1654; x_wconf 89' lang='lat' dir='ltr'>me</span> <span class='ocrx_word' id='word_1_398' title='bbox 1792 1637 1801 1645; x_wconf 94' lang='lat'><strong>·</strong></span> <span class='ocrx_word' id='word_1_399' title='bbox 1820 1613 1849 1637; x_wconf 75' lang='lat'>⁴⁶</span> <span class='ocrx_word' id='word_1_400' title='bbox 1858 1615 1952 1654; x_wconf 90' lang='lat' dir='ltr'>Non</span> <span class='ocrx_word' id='word_1_401' title='bbox 1965 1617 2056 1668; x_wconf 90' lang='lat' dir='ltr'>quia</span> 
     </span>
     <span class='ocr_line' id='line_1_105' title="bbox 1587 1678 1981 1730; baseline 0.008 -15"><span class='ocrx_word' id='word_1_402' title='bbox 1587 1684 1737 1728; x_wconf 91' lang='lat' dir='ltr'>patrem</span> <span class='ocrx_word' id='word_1_403' title='bbox 1755 1678 1852 1717; x_wconf 93' lang='lat' dir='ltr'>uidit</span> <span class='ocrx_word' id='word_1_404' title='bbox 1870 1680 1956 1730; x_wconf 92' lang='lat' dir='ltr'>quis</span> <span class='ocrx_word' id='word_1_405' title='bbox 1972 1700 1981 1710; x_wconf 93' lang='lat'><strong>·</strong></span> 
     </span>
     <span class='ocr_line' id='line_1_106' title="bbox 1587 1741 2023 1791; baseline 0.007 -13"><span class='ocrx_word' id='word_1_406' title='bbox 1587 1741 1661 1779; x_wconf 88' lang='lat' dir='ltr'>nisi</span> <span class='ocrx_word' id='word_1_407' title='bbox 1680 1741 1746 1791; x_wconf 91' lang='lat' dir='ltr'>qui</span> <span class='ocrx_word' id='word_1_408' title='bbox 1765 1747 1824 1780; x_wconf 93' lang='lat' dir='ltr'>est</span> <span class='ocrx_word' id='word_1_409' title='bbox 1844 1754 1867 1780; x_wconf 88' lang='lat' dir='ltr'>a</span> <span class='ocrx_word' id='word_1_410' title='bbox 1888 1742 1939 1780; x_wconf 73' lang='lat'>(16</span> <span class='ocrx_word' id='word_1_411' title='bbox 1959 1742 2023 1782; x_wconf 88' lang='lat' dir='ltr'>hic</span> 
     </span>
     <span class='ocr_line' id='line_1_107' title="bbox 1586 1803 1948 1854; baseline 0.003 -13"><span class='ocrx_word' id='word_1_412' title='bbox 1586 1803 1683 1841; x_wconf 91' lang='lat' dir='ltr'>uidit</span> <span class='ocrx_word' id='word_1_413' title='bbox 1702 1810 1854 1854; x_wconf 85' lang='lat' dir='ltr'>patrem</span> <span class='ocrx_word' id='word_1_414' title='bbox 1869 1825 1878 1834; x_wconf 94' lang='lat'><strong>·</strong></span> <span class='ocrx_word' id='word_1_415' title='bbox 1893 1827 1948 1833; x_wconf 94' lang='lat'>—</span> 
     </span>
     <span class='ocr_line' id='line_1_108' title="bbox 1586 1866 2054 1909; baseline 0.011 -6"><span class='ocrx_word' id='word_1_416' title='bbox 1586 1866 1747 1904; x_wconf 68' lang='lat' dir='ltr'>⁴&#39;&#39;Amen</span> <span class='ocrx_word' id='word_1_417' title='bbox 1763 1879 1880 1905; x_wconf 83' lang='lat' dir='ltr'>amen</span> <span class='ocrx_word' id='word_1_418' title='bbox 1897 1867 1987 1906; x_wconf 92' lang='lat' dir='ltr'>dico</span> <span class='ocrx_word' id='word_1_419' title='bbox 2001 1881 2054 1909; x_wconf 93' lang='lat' dir='ltr'>uo</span> 
     </span>
     <span class='ocr_line' id='line_1_109' title="bbox 1586 1929 1967 1979; baseline 0.005 -13"><span class='ocrx_word' id='word_1_420' title='bbox 1586 1929 1645 1967; x_wconf 91' lang='lat' dir='ltr'>bis</span> <span class='ocrx_word' id='word_1_421' title='bbox 1700 1929 1768 1979; x_wconf 87' lang='lat' dir='ltr'>qui</span> <span class='ocrx_word' id='word_1_422' title='bbox 1788 1929 1909 1968; x_wconf 92' lang='lat' dir='ltr'>credit</span> <span class='ocrx_word' id='word_1_423' title='bbox 1927 1930 1967 1968; x_wconf 91' lang='lat' dir='ltr'>in</span> 
     </span>
    </p>

    <p class='ocr_par' dir='ltr' id='par_1_26' title="bbox 1584 1991 2054 2169">
     <span class='ocr_line' id='line_1_110' title="bbox 1585 1991 1990 2032; baseline 0.007 -3"><span class='ocrx_word' id='word_1_424' title='bbox 1585 2003 1647 2030; x_wconf 89' lang='lat' dir='ltr'>me</span> <span class='ocrx_word' id='word_1_425' title='bbox 1667 1991 1784 2030; x_wconf 87' lang='lat' dir='ltr'>habet</span> <span class='ocrx_word' id='word_1_426' title='bbox 1803 1992 1924 2031; x_wconf 89' lang='lat' dir='ltr'>uitam</span> <span class='ocrx_word' id='word_1_427' title='bbox 1943 2006 1990 2032; x_wconf 89' lang='lat' dir='ltr'>ae</span> 
     </span>
     <span class='ocr_line' id='line_1_111' title="bbox 1584 2055 2028 2106; baseline 0.007 -14"><span class='ocrx_word' id='word_1_428' title='bbox 1584 2059 1736 2092; x_wconf 88' lang='lat' dir='ltr'>ternam</span> <span class='ocrx_word' id='word_1_429' title='bbox 1749 2075 1758 2084; x_wconf 90' lang='lat'><em>-</em></span> <span class='ocrx_word' id='word_1_430' title='bbox 1799 2055 1828 2076; x_wconf 80' lang='lat'>⁴⁸</span> <span class='ocrx_word' id='word_1_431' title='bbox 1839 2055 1928 2106; x_wconf 89' lang='lat' dir='ltr'>Ego</span> <span class='ocrx_word' id='word_1_432' title='bbox 1949 2064 2028 2094; x_wconf 57' lang='lat' dir='ltr'>su-</span> 
     </span>
     <span class='ocr_line' id='line_1_112' title="bbox 1585 2117 2054 2169; baseline 0.009 -15"><span class='ocrx_word' id='word_1_433' title='bbox 1585 2117 1698 2167; x_wconf 85' lang='lat' dir='ltr'>panis</span> <span class='ocrx_word' id='word_1_434' title='bbox 1716 2117 1819 2156; x_wconf 87' lang='lat' dir='ltr'>uitae</span> <span class='ocrx_word' id='word_1_435' title='bbox 1835 2138 1844 2147; x_wconf 91' lang='lat'><strong>·</strong></span> <span class='ocrx_word' id='word_1_436' title='bbox 1887 2118 1916 2139; x_wconf 76' lang='lat'>⁴⁹</span> <span class='ocrx_word' id='word_1_437' title='bbox 1927 2125 2054 2169; x_wconf 87' lang='lat' dir='ltr'>patres</span> 
     </span>
    </p>
   </div>
   <div class='ocr_carea' id='block_1_9' title="bbox 1575 2180 1916 2219">
    <p class='ocr_par' dir='ltr' id='par_1_27' title="bbox 1575 2180 1916 2219">
     <span class='ocr_line' id='line_1_113' title="bbox 1575 2180 1916 2219; baseline 0.009 -3"><span class='ocrx_word' id='word_1_438' title='bbox 1575 2180 1701 2217; x_wconf 83' lang='lat' dir='ltr'>uestri</span> <span class='ocrx_word' id='word_1_439' title='bbox 1719 2180 1916 2219; x_wconf 87' lang='lat' dir='ltr'>manduca</span> 
     </span>
    </p>
   </div>
   <div class='ocr_carea' id='block_1_10' title="bbox 1579 2243 2031 2844">
    <p class='ocr_par' dir='ltr' id='par_1_28' title="bbox 1583 2243 1943 2343">
     <span class='ocr_line' id='line_1_114' title="bbox 1583 2243 1943 2282; baseline 0.006 -3"><span class='ocrx_word' id='word_1_440' title='bbox 1583 2248 1720 2280; x_wconf 89' lang='lat' dir='ltr'>uerunt</span> <span class='ocrx_word' id='word_1_441' title='bbox 1739 2255 1884 2282; x_wconf 89' lang='lat' dir='ltr'>manna</span> <span class='ocrx_word' id='word_1_442' title='bbox 1902 2243 1943 2281; x_wconf 91' lang='lat' dir='ltr'>in</span> 
     </span>
     <span class='ocr_line' id='line_1_115' title="bbox 1584 2303 1902 2343; baseline 0.003 -1"><span class='ocrx_word' id='word_1_443' title='bbox 1584 2303 1737 2343; x_wconf 92' lang='lat' dir='ltr'>deserto</span> <span class='ocrx_word' id='word_1_444' title='bbox 1757 2311 1795 2343; x_wconf 92' lang='lat' dir='ltr'>et</span> <span class='ocrx_word' id='word_1_445' title='bbox 1815 2317 1902 2343; x_wconf 89' lang='lat' dir='ltr'>mor</span> 
     </span>
    </p>

    <p class='ocr_par' dir='ltr' id='par_1_29' title="bbox 1581 2366 1996 2530">
     <span class='ocr_line' id='line_1_116' title="bbox 1583 2366 1996 2407; baseline 0.005 -3"><span class='ocrx_word' id='word_1_446' title='bbox 1583 2367 1638 2404; x_wconf 93' lang='lat' dir='ltr'>tui</span> <span class='ocrx_word' id='word_1_447' title='bbox 1658 2373 1749 2405; x_wconf 90' lang='lat' dir='ltr'>sunt</span> <span class='ocrx_word' id='word_1_448' title='bbox 1761 2388 1770 2397; x_wconf 93' lang='lat'><strong>·</strong></span> <span class='ocrx_word' id='word_1_449' title='bbox 1799 2366 1831 2388; x_wconf 78' lang='lat'>⁶⁰</span> <span class='ocrx_word' id='word_1_450' title='bbox 1844 2367 1923 2407; x_wconf 92' lang='lat' dir='ltr'>Hic</span> <span class='ocrx_word' id='word_1_451' title='bbox 1938 2373 1996 2406; x_wconf 93' lang='lat' dir='ltr'>est</span> 
     </span>
     <span class='ocr_line' id='line_1_117' title="bbox 1581 2430 1981 2479; baseline 0.003 -12"><span class='ocrx_word' id='word_1_452' title='bbox 1581 2430 1694 2479; x_wconf 89' lang='lat' dir='ltr'>panis</span> <span class='ocrx_word' id='word_1_453' title='bbox 1714 2430 1780 2479; x_wconf 92' lang='lat' dir='ltr'>qui</span> <span class='ocrx_word' id='word_1_454' title='bbox 1801 2430 1850 2468; x_wconf 90' lang='lat' dir='ltr'>de</span> <span class='ocrx_word' id='word_1_455' title='bbox 1871 2430 1981 2469; x_wconf 88' lang='lat' dir='ltr'>caelo</span> 
     </span>
     <span class='ocr_line' id='line_1_118' title="bbox 1581 2491 1876 2530; baseline 0 0"><span class='ocrx_word' id='word_1_456' title='bbox 1581 2491 1780 2530; x_wconf 90' lang='lat' dir='ltr'>descendit</span> <span class='ocrx_word' id='word_1_457' title='bbox 1834 2498 1876 2530; x_wconf 92' lang='lat' dir='ltr'>ut</span> 
     </span>
    </p>

    <p class='ocr_par' dir='ltr' id='par_1_30' title="bbox 1581 2554 1929 2604">
     <span class='ocr_line' id='line_1_119' title="bbox 1581 2554 1929 2604; baseline 0.006 -12"><span class='ocrx_word' id='word_1_458' title='bbox 1581 2554 1667 2604; x_wconf 92' lang='lat' dir='ltr'>quis</span> <span class='ocrx_word' id='word_1_459' title='bbox 1686 2554 1929 2594; x_wconf 90' lang='lat' dir='ltr'>mandueaue</span> 
     </span>
    </p>

    <p class='ocr_par' dir='ltr' id='par_1_31' title="bbox 1579 2617 2031 2844">
     <span class='ocr_line' id='line_1_120' title="bbox 1580 2617 1982 2657; baseline 0.005 -3"><span class='ocrx_word' id='word_1_460' title='bbox 1580 2617 1627 2654; x_wconf 93' lang='lat' dir='ltr'>rit</span> <span class='ocrx_word' id='word_1_461' title='bbox 1647 2629 1696 2655; x_wconf 87' lang='lat' dir='ltr'>ex</span> <span class='ocrx_word' id='word_1_462' title='bbox 1716 2629 1765 2655; x_wconf 92' lang='lat' dir='ltr'>eo</span> <span class='ocrx_word' id='word_1_463' title='bbox 1812 2629 1895 2656; x_wconf 90' lang='lat' dir='ltr'>non</span> <span class='ocrx_word' id='word_1_464' title='bbox 1915 2630 1982 2657; x_wconf 93' lang='lat' dir='ltr'>mo</span> 
     </span>
     <span class='ocr_line' id='line_1_121' title="bbox 1579 2679 2031 2730; baseline 0.007 -13"><span class='ocrx_word' id='word_1_465' title='bbox 1579 2680 1717 2717; x_wconf 86' lang='lat' dir='ltr'>riatur·</span> <span class='ocrx_word' id='word_1_466' title='bbox 1736 2701 1744 2710; x_wconf 92' lang='lat'><strong>·</strong></span> <span class='ocrx_word' id='word_1_467' title='bbox 1763 2701 1771 2710; x_wconf 91' lang='lat'><strong>·</strong></span> <span class='ocrx_word' id='word_1_468' title='bbox 1802 2679 1830 2701; x_wconf 84' lang='lat'>⁶¹</span> <span class='ocrx_word' id='word_1_469' title='bbox 1844 2679 1933 2730; x_wconf 86' lang='lat' dir='ltr'>Ego</span> <span class='ocrx_word' id='word_1_470' title='bbox 1954 2687 2031 2720; x_wconf 65' lang='lat' dir='ltr'>su*</span> 
     </span>
     <span class='ocr_line' id='line_1_122' title="bbox 1581 2742 1982 2793; baseline 0.007 -14"><span class='ocrx_word' id='word_1_471' title='bbox 1581 2743 1693 2792; x_wconf 88' lang='lat' dir='ltr'>panis</span> <span class='ocrx_word' id='word_1_472' title='bbox 1712 2743 1825 2781; x_wconf 86' lang='lat' dir='ltr'>uiuus</span> <span class='ocrx_word' id='word_1_473' title='bbox 1845 2743 1913 2793; x_wconf 92' lang='lat' dir='ltr'>qui</span> <span class='ocrx_word' id='word_1_474' title='bbox 1932 2742 1982 2782; x_wconf 92' lang='lat' dir='ltr'>de</span> 
     </span>
     <span class='ocr_line' id='line_1_123' title="bbox 1580 2805 1893 2844; baseline 0 0"><span class='ocrx_word' id='word_1_475' title='bbox 1580 2805 1688 2844; x_wconf 88' lang='lat' dir='ltr'>caelo</span> <span class='ocrx_word' id='word_1_476' title='bbox 1708 2805 1893 2844; x_wconf 74' lang='lat' dir='ltr'>descendi</span> 
     </span>
    </p>
   </div>
   <div class='ocr_carea' id='block_1_11' title="bbox 2349 231 2567 278">
    <p class='ocr_par' dir='ltr' id='par_1_32' title="bbox 2349 231 2567 278">
     <span class='ocr_line' id='line_1_124' title="bbox 2349 231 2567 278; baseline 0.009 -13"><span class='ocrx_word' id='word_1_477' title='bbox 2349 231 2424 274; x_wconf 82' lang='lat' dir='ltr'>[VI.</span> <span class='ocrx_word' id='word_1_478' title='bbox 2440 240 2567 278; x_wconf 82' lang='lat'><strong>27-57.</strong></span> 
     </span>
    </p>
   </div>
   <div class='ocr_carea' id='block_1_12' title="bbox 2092 337 2531 1566">
    <p class='ocr_par' dir='ltr' id='par_1_33' title="bbox 2092 337 2531 1566">
     <span class='ocr_line' id='line_1_125' title="bbox 2103 337 2511 389; baseline 0.012 -14"><span class='ocrx_word' id='word_1_479' title='bbox 2103 337 2143 376; x_wconf 94' lang='lat' dir='ltr'>Si</span> <span class='ocrx_word' id='word_1_480' title='bbox 2162 338 2248 389; x_wconf 88' lang='lat' dir='ltr'>quis</span> <span class='ocrx_word' id='word_1_481' title='bbox 2266 340 2511 380; x_wconf 90' lang='lat' dir='ltr'>manducaue</span> 
     </span>
     <span class='ocr_line' id='line_1_126' title="bbox 2099 400 2489 452; baseline 0.008 -14"><span class='ocrx_word' id='word_1_482' title='bbox 2099 401 2147 439; x_wconf 91' lang='lat' dir='ltr'>rit</span> <span class='ocrx_word' id='word_1_483' title='bbox 2167 400 2217 440; x_wconf 93' lang='lat' dir='ltr'>de</span> <span class='ocrx_word' id='word_1_484' title='bbox 2235 401 2310 440; x_wconf 92' lang='lat' dir='ltr'>isto</span> <span class='ocrx_word' id='word_1_485' title='bbox 2330 415 2430 452; x_wconf 89' lang='lat' dir='ltr'>pane</span> <span class='ocrx_word' id='word_1_486' title='bbox 2449 403 2489 441; x_wconf 87' lang='lat' dir='ltr'>ui</span> 
     </span>
     <span class='ocr_line' id='line_1_127' title="bbox 2098 454 2467 502; baseline 0.003 -1"><span class='ocrx_word' id='word_1_487' title='bbox 2098 470 2164 501; x_wconf 93' lang='lat' dir='ltr'>uet</span> <span class='ocrx_word' id='word_1_488' title='bbox 2181 463 2222 501; x_wconf 89' lang='lat' dir='ltr'>in</span> <span class='ocrx_word' id='word_1_489' title='bbox 2242 454 2442 502; x_wconf 85' lang='lat' dir='ltr'>aeternum</span> <span class='ocrx_word' id='word_1_490' title='bbox 2458 486 2467 495; x_wconf 93' lang='lat'><em>·</em></span> 
     </span>
     <span class='ocr_line' id='line_1_128' title="bbox 2097 524 2500 578; baseline 0.007 -15"><span class='ocrx_word' id='word_1_491' title='bbox 2097 524 2214 564; x_wconf 91' lang='lat' dir='ltr'>Panis</span> <span class='ocrx_word' id='word_1_492' title='bbox 2234 533 2364 564; x_wconf 89' lang='lat' dir='ltr'>autem</span> <span class='ocrx_word' id='word_1_493' title='bbox 2383 539 2500 578; x_wconf 91' lang='lat' dir='ltr'>quem</span> 
     </span>
     <span class='ocr_line' id='line_1_129' title="bbox 2097 587 2520 638; baseline 0.009 -13"><span class='ocrx_word' id='word_1_494' title='bbox 2097 599 2173 638; x_wconf 87' lang='lat' dir='ltr'>ego</span> <span class='ocrx_word' id='word_1_495' title='bbox 2194 587 2298 626; x_wconf 85' lang='lat' dir='ltr'>dabo</span> <span class='ocrx_word' id='word_1_496' title='bbox 2319 601 2410 628; x_wconf 90' lang='lat' dir='ltr'>caro</span> <span class='ocrx_word' id='word_1_497' title='bbox 2430 602 2520 629; x_wconf 91' lang='lat' dir='ltr'>mea</span> 
     </span>
     <span class='ocr_line' id='line_1_130' title="bbox 2096 653 2522 702; baseline 0.007 -14"><span class='ocrx_word' id='word_1_498' title='bbox 2096 656 2155 688; x_wconf 90' lang='lat' dir='ltr'>est</span> <span class='ocrx_word' id='word_1_499' title='bbox 2171 671 2179 680; x_wconf 93' lang='lat'><strong>·</strong></span> <span class='ocrx_word' id='word_1_500' title='bbox 2236 663 2355 702; x_wconf 90' lang='lat' dir='ltr'>quam</span> <span class='ocrx_word' id='word_1_501' title='bbox 2375 664 2450 702; x_wconf 90' lang='lat' dir='ltr'>ego</span> <span class='ocrx_word' id='word_1_502' title='bbox 2471 653 2522 691; x_wconf 89' lang='lat' dir='ltr'>da</span> 
     </span>
     <span class='ocr_line' id='line_1_131' title="bbox 2095 713 2525 762; baseline 0.007 -12"><span class='ocrx_word' id='word_1_503' title='bbox 2095 713 2149 751; x_wconf 94' lang='lat' dir='ltr'>bo</span> <span class='ocrx_word' id='word_1_504' title='bbox 2169 725 2240 762; x_wconf 92' lang='lat' dir='ltr'>pro</span> <span class='ocrx_word' id='word_1_505' title='bbox 2260 714 2403 752; x_wconf 87' lang='lat' dir='ltr'>saeculi</span> <span class='ocrx_word' id='word_1_506' title='bbox 2422 715 2502 753; x_wconf 89' lang='lat' dir='ltr'>uita</span> <span class='ocrx_word' id='word_1_507' title='bbox 2515 735 2525 745; x_wconf 89' lang='lat'><strong>·</strong></span> 
     </span>
     <span class='ocr_line' id='line_1_132' title="bbox 2094 772 2502 815; baseline 0.01 -4"><span class='ocrx_word' id='word_1_508' title='bbox 2094 772 2124 795; x_wconf 78' lang='lat'>⁵²</span> <span class='ocrx_word' id='word_1_509' title='bbox 2136 774 2431 815; x_wconf 87' lang='lat' dir='ltr'>Murmurabant</span> <span class='ocrx_word' id='word_1_510' title='bbox 2449 777 2502 815; x_wconf 88' lang='lat' dir='ltr'>ita</span> 
     </span>
     <span class='ocr_line' id='line_1_133' title="bbox 2095 838 2516 887; baseline 0.007 -13"><span class='ocrx_word' id='word_1_511' title='bbox 2095 848 2196 887; x_wconf 87' lang='lat' dir='ltr'>quae</span> <span class='ocrx_word' id='word_1_512' title='bbox 2219 838 2346 877; x_wconf 89' lang='lat' dir='ltr'>iudaei</span> <span class='ocrx_word' id='word_1_513' title='bbox 2365 839 2416 877; x_wconf 88' lang='lat' dir='ltr'>ad</span> <span class='ocrx_word' id='word_1_514' title='bbox 2435 839 2516 877; x_wconf 92' lang='lat' dir='ltr'>inui</span> 
     </span>
     <span class='ocr_line' id='line_1_134' title="bbox 2095 900 2401 940; baseline 0.007 -2"><span class='ocrx_word' id='word_1_515' title='bbox 2095 912 2182 938; x_wconf 91' lang='lat' dir='ltr'>cem</span> <span class='ocrx_word' id='word_1_516' title='bbox 2202 900 2376 940; x_wconf 91' lang='lat' dir='ltr'>dicentes</span> <span class='ocrx_word' id='word_1_517' title='bbox 2391 922 2401 931; x_wconf 91' lang='lat'><strong>·</strong></span> 
     </span>
     <span class='ocr_line' id='line_1_135' title="bbox 2095 961 2462 1013; baseline 0.008 -14"><span class='ocrx_word' id='word_1_518' title='bbox 2095 961 2311 1009; x_wconf 90' lang='lat' dir='ltr'>Quomodo</span> <span class='ocrx_word' id='word_1_519' title='bbox 2331 969 2462 1013; x_wconf 89' lang='lat' dir='ltr'>potest</span> 
     </span>
     <span class='ocr_line' id='line_1_136' title="bbox 2095 1024 2470 1064; baseline 0.005 -2"><span class='ocrx_word' id='word_1_520' title='bbox 2095 1024 2158 1063; x_wconf 91' lang='lat' dir='ltr'>hic</span> <span class='ocrx_word' id='word_1_521' title='bbox 2177 1025 2292 1063; x_wconf 89' lang='lat' dir='ltr'>nobis</span> <span class='ocrx_word' id='word_1_522' title='bbox 2312 1038 2470 1064; x_wconf 88' lang='lat' dir='ltr'>carnem</span> 
     </span>
     <span class='ocr_line' id='line_1_137' title="bbox 2096 1087 2434 1126; baseline 0.003 -1"><span class='ocrx_word' id='word_1_523' title='bbox 2096 1099 2207 1126; x_wconf 85' lang='lat' dir='ltr'>suam</span> <span class='ocrx_word' id='word_1_524' title='bbox 2226 1087 2318 1126; x_wconf 89' lang='lat' dir='ltr'>dare</span> <span class='ocrx_word' id='word_1_525' title='bbox 2339 1100 2434 1126; x_wconf 86' lang='lat' dir='ltr'>man</span> 
     </span>
     <span class='ocr_line' id='line_1_138' title="bbox 2094 1149 2442 1189; baseline 0 -1"><span class='ocrx_word' id='word_1_526' title='bbox 2094 1149 2238 1189; x_wconf 88' lang='lat' dir='ltr'>ducare</span> <span class='ocrx_word' id='word_1_527' title='bbox 2251 1171 2260 1180; x_wconf 90' lang='lat'><strong>·</strong></span> <span class='ocrx_word' id='word_1_528' title='bbox 2291 1150 2319 1172; x_wconf 76' lang='lat'>⁵³</span> <span class='ocrx_word' id='word_1_529' title='bbox 2333 1150 2442 1189; x_wconf 92' lang='lat' dir='ltr'>Dixit</span> 
     </span>
     <span class='ocr_line' id='line_1_139' title="bbox 2094 1212 2531 1262; baseline 0.005 -12"><span class='ocrx_word' id='word_1_530' title='bbox 2094 1224 2188 1262; x_wconf 90' lang='lat' dir='ltr'>ergo</span> <span class='ocrx_word' id='word_1_531' title='bbox 2208 1212 2280 1251; x_wconf 93' lang='lat' dir='ltr'>illis</span> <span class='ocrx_word' id='word_1_532' title='bbox 2300 1213 2359 1251; x_wconf 83' lang='lat' dir='ltr'>ihs</span> <span class='ocrx_word' id='word_1_533' title='bbox 2414 1226 2531 1252; x_wconf 89' lang='lat' dir='ltr'>amen</span> 
     </span>
     <span class='ocr_line' id='line_1_140' title="bbox 2094 1275 2453 1315; baseline 0.008 -3"><span class='ocrx_word' id='word_1_534' title='bbox 2094 1287 2209 1313; x_wconf 84' lang='lat' dir='ltr'>amen</span> <span class='ocrx_word' id='word_1_535' title='bbox 2229 1275 2318 1314; x_wconf 86' lang='lat' dir='ltr'>dico</span> <span class='ocrx_word' id='word_1_536' title='bbox 2337 1277 2453 1315; x_wconf 88' lang='lat' dir='ltr'>uobis</span> 
     </span>
     <span class='ocr_line' id='line_1_141' title="bbox 2093 1337 2488 1377; baseline 0.005 -2"><span class='ocrx_word' id='word_1_537' title='bbox 2093 1337 2180 1375; x_wconf 91' lang='lat' dir='ltr'>Nisi</span> <span class='ocrx_word' id='word_1_538' title='bbox 2199 1337 2354 1376; x_wconf 89' lang='lat' dir='ltr'>ederitis</span> <span class='ocrx_word' id='word_1_539' title='bbox 2373 1342 2488 1377; x_wconf 71' lang='lat' dir='ltr'>carne</span> 
     </span>
     <span class='ocr_line' id='line_1_142' title="bbox 2094 1399 2484 1439; baseline 0.005 -2"><span class='ocrx_word' id='word_1_540' title='bbox 2094 1400 2147 1438; x_wconf 92' lang='lat' dir='ltr'>fili</span> <span class='ocrx_word' id='word_1_541' title='bbox 2166 1399 2335 1438; x_wconf 91' lang='lat' dir='ltr'>hominis</span> <span class='ocrx_word' id='word_1_542' title='bbox 2373 1400 2425 1439; x_wconf 90' lang='lat' dir='ltr'>Et</span> <span class='ocrx_word' id='word_1_543' title='bbox 2444 1402 2484 1439; x_wconf 92' lang='lat' dir='ltr'>bi</span> 
     </span>
     <span class='ocr_line' id='line_1_143' title="bbox 2092 1463 2483 1514; baseline 0.005 -14"><span class='ocrx_word' id='word_1_544' title='bbox 2092 1463 2223 1501; x_wconf 90' lang='lat' dir='ltr'>beritis</span> <span class='ocrx_word' id='word_1_545' title='bbox 2242 1463 2327 1501; x_wconf 81' lang='lat' dir='ltr'>eius</span> <span class='ocrx_word' id='word_1_546' title='bbox 2344 1464 2483 1514; x_wconf 85' lang='lat' dir='ltr'>sangui</span> 
     </span>
     <span class='ocr_line' id='line_1_144' title="bbox 2092 1526 2494 1566; baseline 0.007 -3"><span class='ocrx_word' id='word_1_547' title='bbox 2092 1537 2184 1563; x_wconf 90' lang='lat' dir='ltr'>nem</span> <span class='ocrx_word' id='word_1_548' title='bbox 2201 1546 2209 1555; x_wconf 94' lang='lat'><em>-</em></span> <span class='ocrx_word' id='word_1_549' title='bbox 2251 1538 2333 1565; x_wconf 88' lang='lat' dir='ltr'>non</span> <span class='ocrx_word' id='word_1_550' title='bbox 2353 1526 2494 1566; x_wconf 88' lang='lat' dir='ltr'>habebi</span> 
     </span>
    </p>
   </div>
   <div class='ocr_carea' id='block_1_13' title="bbox 2090 1614 2494 1655">
    <p class='ocr_par' dir='ltr' id='par_1_34' title="bbox 2090 1614 2494 1655">
     <span class='ocr_line' id='line_1_145' title="bbox 2090 1614 2494 1655; baseline 0.005 -3"><span class='ocrx_word' id='word_1_551' title='bbox 2090 1614 2138 1652; x_wconf 90' lang='lat' dir='ltr'>tis</span> <span class='ocrx_word' id='word_1_552' title='bbox 2157 1615 2279 1653; x_wconf 90' lang='lat' dir='ltr'>uitam</span> <span class='ocrx_word' id='word_1_553' title='bbox 2298 1615 2339 1653; x_wconf 88' lang='lat' dir='ltr'>in</span> <span class='ocrx_word' id='word_1_554' title='bbox 2357 1615 2472 1655; x_wconf 91' lang='lat' dir='ltr'>uobis</span> <span class='ocrx_word' id='word_1_555' title='bbox 2485 1636 2494 1646; x_wconf 92' lang='lat'><strong>·</strong></span> 
     </span>
    </p>
   </div>
   <div class='ocr_carea' id='block_1_14' title="bbox 2597 346 2774 380">
    <p class='ocr_par' dir='ltr' id='par_1_35' title="bbox 2597 346 2774 380">
     <span class='ocr_line' id='line_1_146' title="bbox 2597 346 2774 380; baseline 0.006 -3"><span class='ocrx_word' id='word_1_556' title='bbox 2597 346 2679 380; x_wconf 71' lang='lat'><strong>1¹01.</strong></span> <span class='ocrx_word' id='word_1_557' title='bbox 2690 347 2774 380; x_wconf 79' lang='lat'><strong>220.</strong></span> 
     </span>
    </p>
   </div>
   <div class='ocr_carea' id='block_1_15' title="bbox 2089 1676 2617 1725">
    <p class='ocr_par' dir='ltr' id='par_1_36' title="bbox 2089 1676 2617 1725">
     <span class='ocr_line' id='line_1_147' title="bbox 2089 1676 2617 1725; baseline 0.009 -11"><span class='ocrx_word' id='word_1_558' title='bbox 2089 1676 2118 1698; x_wconf 76' lang='lat'>⁶⁴</span> <span class='ocrx_word' id='word_1_559' title='bbox 2126 1676 2205 1725; x_wconf 89' lang='lat' dir='ltr'>Qui</span> <span class='ocrx_word' id='word_1_560' title='bbox 2218 1677 2306 1716; x_wconf 92' lang='lat' dir='ltr'>edet</span> <span class='ocrx_word' id='word_1_561' title='bbox 2317 1690 2475 1717; x_wconf 90' lang='lat' dir='ltr'>carnem</span> <span class='ocrx_word' id='word_1_562' title='bbox 2486 1686 2617 1719; x_wconf 71' lang='lat' dir='ltr'>mea--</span> 
     </span>
    </p>
   </div>
   <div class='ocr_carea' id='block_1_16' title="bbox 2083 1740 2558 2843">
    <p class='ocr_par' dir='ltr' id='par_1_37' title="bbox 2089 1740 2530 1966">
     <span class='ocr_line' id='line_1_148' title="bbox 2089 1740 2530 1791; baseline 0.009 -13"><span class='ocrx_word' id='word_1_563' title='bbox 2089 1746 2127 1778; x_wconf 90' lang='lat' dir='ltr'>et</span> <span class='ocrx_word' id='word_1_564' title='bbox 2145 1740 2251 1778; x_wconf 90' lang='lat' dir='ltr'>bibet</span> <span class='ocrx_word' id='word_1_565' title='bbox 2270 1741 2493 1791; x_wconf 61' lang='lat' dir='ltr'>sanguine*</span> <span class='ocrx_word' id='word_1_566' title='bbox 2528 1780 2530 1782; x_wconf 77' lang='grc'>,</span> 
     </span>
     <span class='ocr_line' id='line_1_149' title="bbox 2089 1793 2488 1842; baseline 0.008 -3"><span class='ocrx_word' id='word_1_567' title='bbox 2089 1793 2226 1840; x_wconf 88' lang='lat' dir='ltr'>meum</span> <span class='ocrx_word' id='word_1_568' title='bbox 2241 1802 2358 1841; x_wconf 89' lang='lat' dir='ltr'>habet</span> <span class='ocrx_word' id='word_1_569' title='bbox 2376 1803 2488 1842; x_wconf 84' lang='lat' dir='ltr'>uita-</span> 
     </span>
     <span class='ocr_line' id='line_1_150' title="bbox 2090 1865 2475 1916; baseline 0.008 -13"><span class='ocrx_word' id='word_1_570' title='bbox 2090 1870 2262 1903; x_wconf 86' lang='lat' dir='ltr'>eternam</span> <span class='ocrx_word' id='word_1_571' title='bbox 2276 1886 2285 1895; x_wconf 93' lang='lat'><strong>·</strong></span> <span class='ocrx_word' id='word_1_572' title='bbox 2328 1865 2380 1904; x_wconf 87' lang='lat' dir='ltr'>Et</span> <span class='ocrx_word' id='word_1_573' title='bbox 2399 1878 2475 1916; x_wconf 89' lang='lat' dir='ltr'>ego</span> 
     </span>
     <span class='ocr_line' id='line_1_151' title="bbox 2089 1928 2452 1966; baseline 0.003 -1"><span class='ocrx_word' id='word_1_574' title='bbox 2089 1928 2327 1966; x_wconf 89' lang='lat' dir='ltr'>resuscitabo</span> <span class='ocrx_word' id='word_1_575' title='bbox 2345 1928 2452 1966; x_wconf 90' lang='lat' dir='ltr'>illum</span> 
     </span>
    </p>

    <p class='ocr_par' dir='ltr' id='par_1_38' title="bbox 2090 1984 2470 2030">
     <span class='ocr_line' id='line_1_152' title="bbox 2090 1984 2470 2030; baseline 0.008 -3"><span class='ocrx_word' id='word_1_576' title='bbox 2090 1990 2130 2028; x_wconf 93' lang='lat' dir='ltr'>in</span> <span class='ocrx_word' id='word_1_577' title='bbox 2150 1991 2363 2029; x_wconf 88' lang='lat' dir='ltr'>nouissima</span> <span class='ocrx_word' id='word_1_578' title='bbox 2382 1984 2444 2030; x_wconf 90' lang='lat' dir='ltr'>die</span> <span class='ocrx_word' id='word_1_579' title='bbox 2461 2012 2470 2022; x_wconf 93' lang='lat'><strong>·</strong></span> 
     </span>
    </p>

    <p class='ocr_par' dir='ltr' id='par_1_39' title="bbox 2087 2052 2558 2229">
     <span class='ocr_line' id='line_1_153' title="bbox 2089 2052 2558 2104; baseline 0.004 -12"><span class='ocrx_word' id='word_1_580' title='bbox 2089 2053 2119 2074; x_wconf 88' lang='grc'>55</span> <span class='ocrx_word' id='word_1_581' title='bbox 2133 2052 2287 2104; x_wconf 87' lang='lat' dir='ltr'>Corpus</span> <span class='ocrx_word' id='word_1_582' title='bbox 2302 2054 2407 2092; x_wconf 89' lang='lat' dir='ltr'>enim</span> <span class='ocrx_word' id='word_1_583' title='bbox 2426 2067 2558 2094; x_wconf 90' lang='lat' dir='ltr'>meum</span> 
     </span>
     <span class='ocr_line' id='line_1_154' title="bbox 2087 2117 2463 2156; baseline 0.005 -2"><span class='ocrx_word' id='word_1_584' title='bbox 2087 2128 2180 2154; x_wconf 90' lang='lat' dir='ltr'>uera</span> <span class='ocrx_word' id='word_1_585' title='bbox 2199 2123 2257 2155; x_wconf 90' lang='lat' dir='ltr'>est</span> <span class='ocrx_word' id='word_1_586' title='bbox 2276 2129 2367 2156; x_wconf 91' lang='lat' dir='ltr'>esca</span> <span class='ocrx_word' id='word_1_587' title='bbox 2411 2117 2463 2156; x_wconf 92' lang='lat' dir='ltr'>Et</span> 
     </span>
     <span class='ocr_line' id='line_1_155' title="bbox 2088 2179 2448 2229; baseline 0.006 -13"><span class='ocrx_word' id='word_1_588' title='bbox 2088 2179 2247 2229; x_wconf 88' lang='lat' dir='ltr'>sanguis</span> <span class='ocrx_word' id='word_1_589' title='bbox 2266 2192 2376 2218; x_wconf 91' lang='lat' dir='ltr'>meus</span> <span class='ocrx_word' id='word_1_590' title='bbox 2398 2192 2448 2218; x_wconf 93' lang='lat' dir='ltr'>ue</span> 
     </span>
    </p>

    <p class='ocr_par' dir='ltr' id='par_1_40' title="bbox 2087 2248 2384 2291">
     <span class='ocr_line' id='line_1_156' title="bbox 2087 2248 2384 2291; baseline 0.007 -13"><span class='ocrx_word' id='word_1_591' title='bbox 2087 2253 2151 2278; x_wconf 93' lang='lat' dir='ltr'>rus</span> <span class='ocrx_word' id='word_1_592' title='bbox 2171 2248 2228 2279; x_wconf 89' lang='lat' dir='ltr'>est</span> <span class='ocrx_word' id='word_1_593' title='bbox 2247 2248 2362 2291; x_wconf 89' lang='lat' dir='ltr'>potus</span> <span class='ocrx_word' id='word_1_594' title='bbox 2375 2263 2384 2272; x_wconf 93' lang='lat'><strong>·</strong></span> 
     </span>
    </p>

    <p class='ocr_par' dir='ltr' id='par_1_41' title="bbox 2086 2302 2523 2478">
     <span class='ocr_line' id='line_1_157' title="bbox 2087 2302 2523 2350; baseline 0.007 -10"><span class='ocrx_word' id='word_1_595' title='bbox 2087 2303 2117 2325; x_wconf 78' lang='lat'>⁶⁶</span> <span class='ocrx_word' id='word_1_596' title='bbox 2129 2302 2208 2350; x_wconf 89' lang='lat' dir='ltr'>Qui</span> <span class='ocrx_word' id='word_1_597' title='bbox 2228 2304 2436 2343; x_wconf 88' lang='lat' dir='ltr'>manducat</span> <span class='ocrx_word' id='word_1_598' title='bbox 2456 2316 2523 2343; x_wconf 92' lang='lat' dir='ltr'>cor</span> 
     </span>
     <span class='ocr_line' id='line_1_158' title="bbox 2086 2367 2486 2416; baseline 0.005 -13"><span class='ocrx_word' id='word_1_599' title='bbox 2086 2378 2159 2416; x_wconf 93' lang='lat' dir='ltr'>pus</span> <span class='ocrx_word' id='word_1_600' title='bbox 2178 2378 2309 2404; x_wconf 90' lang='lat' dir='ltr'>meum</span> <span class='ocrx_word' id='word_1_601' title='bbox 2329 2372 2367 2404; x_wconf 93' lang='lat' dir='ltr'>et</span> <span class='ocrx_word' id='word_1_602' title='bbox 2389 2367 2486 2405; x_wconf 92' lang='lat' dir='ltr'>bibit</span> 
     </span>
     <span class='ocr_line' id='line_1_159' title="bbox 2087 2429 2472 2478; baseline 0 -11"><span class='ocrx_word' id='word_1_603' title='bbox 2087 2429 2319 2478; x_wconf 87' lang='lat' dir='ltr'>sanguinem</span> <span class='ocrx_word' id='word_1_604' title='bbox 2338 2441 2472 2467; x_wconf 90' lang='lat' dir='ltr'>meum</span> 
     </span>
    </p>

    <p class='ocr_par' dir='ltr' id='par_1_42' title="bbox 2084 2491 2554 2667">
     <span class='ocr_line' id='line_1_160' title="bbox 2086 2491 2514 2542; baseline 0.005 -14"><span class='ocrx_word' id='word_1_605' title='bbox 2086 2491 2127 2528; x_wconf 90' lang='lat' dir='ltr'>in</span> <span class='ocrx_word' id='word_1_606' title='bbox 2146 2503 2208 2529; x_wconf 89' lang='lat' dir='ltr'>me</span> <span class='ocrx_word' id='word_1_607' title='bbox 2228 2498 2361 2530; x_wconf 87' lang='lat' dir='ltr'>manet</span> <span class='ocrx_word' id='word_1_608' title='bbox 2380 2497 2418 2530; x_wconf 92' lang='lat' dir='ltr'>et</span> <span class='ocrx_word' id='word_1_609' title='bbox 2437 2503 2514 2542; x_wconf 88' lang='lat' dir='ltr'>ego</span> 
     </span>
     <span class='ocr_line' id='line_1_161' title="bbox 2085 2553 2554 2603; baseline 0.009 -13"><span class='ocrx_word' id='word_1_610' title='bbox 2085 2553 2126 2590; x_wconf 91' lang='lat' dir='ltr'>in</span> <span class='ocrx_word' id='word_1_611' title='bbox 2146 2554 2233 2603; x_wconf 89' lang='lat' dir='ltr'>ipso</span> <span class='ocrx_word' id='word_1_612' title='bbox 2249 2575 2258 2584; x_wconf 93' lang='lat'><strong>·</strong></span> <span class='ocrx_word' id='word_1_613' title='bbox 2293 2553 2324 2575; x_wconf 78' lang='lat'>⁵⁷</span> <span class='ocrx_word' id='word_1_614' title='bbox 2337 2553 2554 2601; x_wconf 88' lang='lat' dir='ltr'>Quomodo</span> 
     </span>
     <span class='ocr_line' id='line_1_162' title="bbox 2084 2616 2471 2667; baseline 0.005 -14"><span class='ocrx_word' id='word_1_615' title='bbox 2084 2616 2187 2654; x_wconf 91' lang='lat' dir='ltr'>misit</span> <span class='ocrx_word' id='word_1_616' title='bbox 2206 2629 2270 2655; x_wconf 91' lang='lat' dir='ltr'>me</span> <span class='ocrx_word' id='word_1_617' title='bbox 2289 2617 2401 2655; x_wconf 91' lang='lat' dir='ltr'>uiuus</span> <span class='ocrx_word' id='word_1_618' title='bbox 2419 2629 2471 2667; x_wconf 84' lang='lat' dir='ltr'>pa</span> 
     </span>
    </p>

    <p class='ocr_par' dir='ltr' id='par_1_43' title="bbox 2083 2680 2553 2843">
     <span class='ocr_line' id='line_1_163' title="bbox 2083 2680 2553 2731; baseline 0.002 -14"><span class='ocrx_word' id='word_1_619' title='bbox 2083 2685 2141 2717; x_wconf 90' lang='lat' dir='ltr'>ter</span> <span class='ocrx_word' id='word_1_620' title='bbox 2197 2686 2235 2717; x_wconf 94' lang='lat' dir='ltr'>et</span> <span class='ocrx_word' id='word_1_621' title='bbox 2254 2691 2329 2730; x_wconf 90' lang='lat' dir='ltr'>ego</span> <span class='ocrx_word' id='word_1_622' title='bbox 2348 2680 2440 2718; x_wconf 86' lang='lat' dir='ltr'>uiuo</span> <span class='ocrx_word' id='word_1_623' title='bbox 2460 2686 2553 2731; x_wconf 73' lang='lat' dir='ltr'>prOp</span> 
     </span>
     <span class='ocr_line' id='line_1_164' title="bbox 2083 2742 2514 2793; baseline 0.002 -14"><span class='ocrx_word' id='word_1_624' title='bbox 2083 2747 2140 2780; x_wconf 92' lang='lat' dir='ltr'>ter</span> <span class='ocrx_word' id='word_1_625' title='bbox 2160 2748 2308 2790; x_wconf 87' lang='lat' dir='ltr'>patrem</span> <span class='ocrx_word' id='word_1_626' title='bbox 2322 2763 2330 2772; x_wconf 93' lang='lat'><strong>·</strong></span> <span class='ocrx_word' id='word_1_627' title='bbox 2378 2742 2429 2780; x_wconf 89' lang='lat' dir='ltr'>Et</span> <span class='ocrx_word' id='word_1_628' title='bbox 2448 2742 2514 2793; x_wconf 94' lang='lat' dir='ltr'>qui</span> 
     </span>
     <span class='ocr_line' id='line_1_165' title="bbox 2083 2804 2375 2843; baseline 0.007 -2"><span class='ocrx_word' id='word_1_629' title='bbox 2083 2804 2294 2843; x_wconf 87' lang='lat' dir='ltr'>manducat</span> <span class='ocrx_word' id='word_1_630' title='bbox 2311 2817 2375 2843; x_wconf 91' lang='lat' dir='ltr'>me</span> 
     </span>
    </p>
   </div>
  </div>
 </body>
</html>
