2872 3268
11 288 15 299 .„
4 266 20 281 „3
2 191 34 259 ⁵⁴15}AE

306 206 348 239 11.
363 207 498 249 51-111.
517 203 586 247 25]

811 344 820 361 ,
836 319 968 365 parate
987 313 1092 352 uiam
1112 313 1179 353 dni

812 405 822 422 ‚
836 383 959 415 rectas
981 376 1093 416 facite
1114 377 1212 416 semi

811 469 821 486 ,
837 445 895 477 tas
911 439 993 477 eius
1008 461 1016 470 -
1047 440 1061 459 ⁵
1073 441 1202 479 omnis
1217 441 1280 479 ual

812 531 821 548 ,
836 501 883 540 lis
941 502 1162 552 implebitur
1177 524 1187 533 ·

811 593 820 610 ‚
838 569 876 602 et
895 565 1024 602 omnis
1043 577 1158 603 mons
1178 571 1216 604 et

811 656 821 673 ‚
836 626 944 665 collis
964 626 1224 666 humiliabitur
1238 649 1247 659 ·

811 718 821 736 ‚
837 695 874 727 et
893 696 1005 727 erunt
1023 702 1144 739 praua
1163 691 1204 728 in

810 781 819 798 ‚
837 751 1026 790 directum
1039 773 1047 782 ·
1078 762 1116 791 et
1135 765 1228 804 aspe

806 847 817 865 ‚
836 826 878 851 ra
897 814 938 851 in
957 815 1040 853 uias
1060 815 1197 865 planas
1212 837 1220 846 ·

262 879 283 902 ’⁴‘
303 885 342 923 3.
368 883 509 923 ¹Anno
529 892 659 924 autem
678 885 773 936 quin
814 914 824 932 ,
839 885 853 906 ⁶
868 891 906 923 et
923 885 1069 924 uidebit
1087 887 1216 926 omnis
1235 900 1282 926 ca

300 951 341 985 to
362 946 515 986 decimo
529 949 634 999 impe
675 974 740 1013 ,ωε
755 974 799 1007 ad
813 976 821 993 ,
835 959 879 985 ro
901 949 1065 987 salutare
1085 949 1124 987 di
1137 953 1160 991 †

301 1009 465 1048 riitiberi
473 1011 638 1049 caesaris
653 1032 661 1040 -
675 1023 776 1051 uento
817 1010 831 1031 ⁷
842 1009 1012 1049 Dicebat
1030 1024 1124 1062 ergo
1144 1013 1262 1051 iohan

300 1079 535 1121 procurante
554 1085 636 1122 pon

301 1133 356 1172 tio
376 1134 496 1184 pilato
516 1135 672 1174 iudeam
688 1155 697 1165 ·

299 1195 514 1236 Tetrarcha
532 1205 663 1236 autem

299 1258 461 1309 galileae
483 1261 649 1299 constitu

299 1328 341 1360 to
361 1321 505 1361 herode
520 1343 529 1352 ·
570 1322 649 1373 filip

298 1396 352 1435 po
372 1390 502 1423 autem
522 1385 637 1424 fratre

298 1446 395 1485 Eius
414 1448 606 1487 tetrarcha

299 1510 468 1549 ituraeae
506 1518 543 1550 et
562 1518 671 1550 traco

134 319 216 352 1¹01.
229 320 287 354 91.
304 312 479 352 subditus
499 313 572 351 illis

304 374 356 414 Et
375 383 497 414 mater
516 377 599 415 eius
620 389 697 416 con

305 440 485 477 seruabat
504 440 639 478 omnia

304 502 424 539 uerba
443 501 540 540 haec
562 502 601 539 in
621 513 688 541 cor

305 563 355 602 de
376 575 447 602 suo
463 585 472 594 ·
503 562 532 585 ⁶²
544 565 596 603 Et
613 565 672 604 ihs
692 577 764 616 pro

305 626 459 665 ficiebat
473 634 598 666 aetate

305 694 343 727 et
363 690 554 740 sapientia
573 695 611 728 et
630 702 702 740 gra

302 751 357 789 tia
376 752 480 802 apud
500 752 566 790 dr'n
586 759 623 790 et
642 753 696 791 ho

359 814 485 853 mines
505 832 615 850 wne*

808 1084 878 1110 nes
899 1073 948 1111 ad
969 1075 1101 1112 turbas
1118 1095 1127 1104 ·
1172 1076 1239 1127 qui

808 1136 987 1174 exiebant
1006 1144 1047 1175 ut
1067 1137 1172 1187 bapti

806 1205 984 1237 zarentur
1003 1204 1095 1238 cora
1115 1200 1201 1250 ipso
1220 1221 1229 1231 ·

807 1260 1017 1300 Generatio
1036 1264 1170 1313 uipera

805 1335 890 1361 rum
905 1344 913 1353 ·
955 1326 1041 1375 quis
1062 1332 1175 1364 osten

805 1386 859 1424 dit
878 1388 992 1425 uobis
1014 1387 1144 1437 fugere
1164 1388 1214 1427 ab

802 1448 859 1487 ira
877 1458 1038 1488 uentura
1054 1471 1063 1480 ·
1104 1450 1117 1471 ⁸
1131 1451 1205 1490 faci

802 1518 839 1549 te
860 1524 953 1562 ergo
974 1512 1119 1551 fructus

683 1438 702 1455 0

297 1597 428 1641 nitidis
448 1599 619 1648 regionis
633 1619 642 1630 ·

297 1665 335 1698 et
354 1660 547 1711 lysanium
567 1661 692 1701 abilae

295 1734 370 1761 nae
390 1724 578 1762 tetrarcha

301 1782 393 1822 ²sub
412 1786 654 1836 principibus

295 1847 541 1891 sacerdotum
560 1861 666 1888 anna

293 1914 332 1948 et
350 1910 473 1948 caiafa
486 1931 495 1941 ·
535 1910 699 1950 Factum

292 1978 352 2010 est
370 1973 536 2011 uerbum
555 1973 621 2011 dni
641 1986 687 2013 su

803 1599 945 1650 dignos
966 1602 1227 1650 paenitentiae

802 1668 840 1699 et
860 1674 910 1700 ne
932 1662 1104 1701 dixeritis
1125 1664 1225 1703 intra

801 1736 875 1763 uos
918 1730 1066 1775 patrem
1081 1725 1270 1766 habemus

800 1787 986 1826 abraham
1004 1809 1012 1818 ·
1053 1788 1156 1827 Dico
1172 1793 1259 1828 aute

800 1850 912 1888 uobis
933 1851 1023 1901 quia
1043 1857 1184 1901 potens
1199 1859 1256 1891 est

801 1911 846 1950 ds
866 1912 914 1950 de
935 1913 1126 1963 lapidibus
1146 1915 1228 1953 istis

800 1975 982 2013 suscitare
995 1976 1094 2014 filios
1107 1977 1248 2015 abraee

292 2046 362 2086 per
380 2035 592 2074 iohannem
606 2057 614 2067 ·
656 2050 750 2076 zaca
798 2037 812 2057 ⁹
825 2037 910 2075 Iam
931 2045 1060 2076 autem
1081 2040 1227 2078 securis

291 2098 370 2137 riae
390 2098 511 2136 filium
530 2099 571 2137 in
592 2099 703 2139 deser
797 2099 847 2138 ad
866 2101 1036 2139 radicem
1056 2103 1194 2142 arbori-1

291 2166 332 2200 to
347 2181 356 2191 ·
396 2161 458 2200 ³et
469 2162 576 2200 uenit
589 2163 628 2200 in
643 2167 761 2202 omne
797 2163 922 2213 posita
941 2170 998 2202 est
1013 2185 1022 2194 ·
1066 2165 1195 2203 omnis

291 2223 494 2274 regionem
514 2225 681 2264 iordanis
696 2247 705 2256 ·
796 2238 891 2276 ergo
912 2228 1028 2264 arbor
1047 2240 1147 2278 quae
1167 2235 1245 2266 n0n

291 2286 521 2336 praedicans
540 2288 668 2338 baptis
797 2288 884 2327 facit
899 2288 1065 2327 fructum
1086 2290 1193 2328 bom-1

293 2359 402 2386 mum
422 2350 681 2399 paenitentiae
696 2367 704 2376 ·
796 2351 997 2390 excidetur
1017 2358 1055 2390 et
1075 2352 1115 2390 in
1134 2353 1225 2402 igne

291 2409 332 2448 in
351 2412 622 2450 remissionem
641 2425 714 2463 pec
796 2414 967 2453 mittetur
980 2435 988 2445 ·
1007 2435 1015 2445 ·
1031 2435 1040 2444 ·
1056 2413 1147 2453 ¹⁰Et
1166 2416 1265 2453 inter

291 2479 466 2512 catorum
482 2494 491 2504 ·
534 2474 549 2495 ⁴
561 2475 658 2513 sicut
795 2484 1032 2526 rogauerunt
1050 2477 1156 2515 illum

292 2535 478 2585 scriptum
497 2542 556 2574 est
575 2537 615 2574 in
634 2537 660 2575 li
795 2540 930 2577 turbae
951 2546 988 2578 et
1008 2540 1209 2579 dixerunt·
1227 2562 1234 2571 ·

291 2596 363 2635 bro
382 2609 608 2636 sermonum
796 2601 890 2652 quid
910 2601 1096 2640 faciemus
1115 2610 1157 2641 ut
1175 2603 1214 2640 ui

291 2659 419 2698 esaiae
438 2659 608 2709 profetae
628 2661 742 2700 dicen
794 2675 933 2701 uamus
946 2684 954 2693 ·
969 2683 977 2693 ·
992 2683 1001 2693 ·
1031 2662 1059 2683 ²¹
1074 2663 1235 2714 Respon

291 2721 339 2760 tis
353 2741 363 2751 ·
406 2720 497 2760 on
517 2722 670 2761 claman
795 2724 892 2763 dens
912 2732 1042 2763 autem
1061 2725 1180 2764 iohan

290 2782 340 2822 tis
387 2783 426 2821 in
446 2783 597 2823 deserto
795 2798 865 2826 nes
884 2787 978 2825 dixit
995 2787 1066 2826 illis

1168 201 1404 242 LUCAN·
2267 216 2319 262 77

1855 329 1986 356 aream
2005 330 2115 358 suam
2128 340 2137 349 ·
2177 327 2215 359 et
2235 334 2311 361 con
2339 327 2421 360 Ful.
2435 328 2496 359 92.

1855 382 2034 431 gregabit
2052 383 2222 426 triticum

1350 316 1417 367 qui
1436 315 1553 355 habet
1572 315 1668 356 duas
1688 316 1771 355 tuni

1351 391 1418 417 cas
1437 378 1502 417 det
1521 391 1602 417 non
1622 380 1782 419 habenti
1796 401 1804 410 ·

1351 447 1390 479 et
1409 442 1475 492 qui
1494 441 1613 480 habet
1632 455 1743 482 escas
1855 442 1895 480 in
1914 442 2054 482 horreo
2076 456 2147 483 suo
2161 467 2170 475 ·
2214 458 2265 496 pa

1352 504 1526 543 similiter
1546 505 1662 543 faciat
1678 526 1687 536 ·
1707 499 1709 501 ¹
1854 504 1934 544 leas
1954 513 2084 545 autem
2104 508 2293 548 conburet

1350 565 1379 586 ¹²
1391 565 1594 605 Uenerunt
1613 575 1742 607 autem
1763 575 1800 607 et
1855 567 1936 617 igni
1956 568 2239 619 inextinguibili
2253 592 2263 602 ·
2354 566 2357 568 ’

1350 628 1546 679 puplicani
1566 637 1608 668 ut
1627 631 1734 681 bapti
1854 628 1881 651 ¹⁸
1889 630 2015 670 Multa
2027 632 2185 683 quidem
2198 641 2235 672 et
2250 634 2326 674 alia

1351 697 1529 730 zarentur
1543 713 1551 722 ·
1593 693 1645 732 Et
1664 693 1754 732 dixe
1854 693 2064 733 exhortans
2078 716 2087 725 ·
2128 708 2279 748 euange

1350 760 1440 792 runt
1459 755 1508 793 ad
1528 752 1636 794 illum
1655 757 1780 806 magis
1853 756 1991 795 lizabat
2010 758 2201 808 populum
2217 781 2227 791 ·

1350 821 1407 854 ter
1461 817 1555 868 quid
1573 817 1758 857 faciemus
1772 840 1781 849 ·
1852 817 2065 858 1⁹Herodes
2077 827 2205 859 autem
2215 829 2329 863 tetrssr
2343 817 2345 819 ¹

1348 877 1439 917 1²³At
1449 880 1509 918 ille
1522 881 1616 919 dixit
1627 882 1683 920 eis
1695 902 1704 912 ·
1726 882 1835 929 nihil*
1853 881 1927 920 cha
1940 903 1948 913 ·
1988 895 2079 921 cum
2097 885 2292 935 corripere

1351 942 1517 992 amplius
1537 944 1723 994 exigatis·
1853 951 1914 983 tur
1929 945 1977 983 ab
1994 945 2058 984 illo
2071 966 2080 976 ι
2120 947 2167 985 de
2188 949 2322 988 aerodi

1351 1017 1470 1055 quam
1489 1006 1597 1056 quod
1616 1007 1743 1046 consti
1852 1007 1949 1046 adae
1968 1020 2090 1046 uxore
2110 1009 2234 1049 fratris

1350 1074 1474 1105 tutum
1495 1075 1553 1107 est
1572 1070 1686 1108 uobis
1702 1091 1712 1101 ·
1853 1081 1945 1108 suae
1959 1091 1968 1100 ·
2010 1077 2049 1110 et
2068 1071 2117 1110 de
2136 1074 2322 1114 omnibus

1349 1127 1734 1182 14Interrogauerunt
1852 1133 1963 1170 malis
1983 1146 2084 1184 quae
2103 1135 2194 1174 fecit
2213 1136 2264 1175 he

1347 1199 1477 1231 autem
1498 1194 1604 1232 illum
1624 1201 1662 1233 et
1681 1196 1736 1233 mi
1851 1196 1968 1234 rodes
1996 1195 2026 1217 ²⁰
2037 1198 2213 1237 adieiecit
2232 1205 2271 1238 et

1346 1254 1432 1294 lites
1497 1257 1590 1307 quid
1609 1256 1708 1296 facie
1851 1257 1927 1296 hoc
1948 1271 2063 1309 super
2084 1262 2218 1300 omnia
2231 1282 2242 1292 ·

1345 1329 1434 1356 mus
1454 1324 1492 1356 et
1511 1331 1585 1358 nos
1606 1340 1615 1349 -
1659 1320 1726 1359 Ait
1745 1321 1771 1359 il
1850 1320 1900 1358 Et
1920 1321 2074 1360 inclusit
2092 1323 2264 1363 iohanne

1345 1380 1389 1418 lis
1410 1381 1609 1419 neminem
1628 1394 1705 1421 con
1849 1382 1890 1420 in
1910 1396 2129 1423 carcaerem
2143 1406 2152 1416 ·
2183 1385 2305 1427 21Fac:

1343 1443 1493 1481 cutiatis
1510 1464 1519 1474 ·
1559 1457 1688 1496 neque
1847 1450 1930 1483 tum
1950 1452 2008 1484 est
2027 1454 2155 1487 autem
2175 1461 2265 1488 cum

1342 1506 1576 1545 calumniam
1596 1507 1745 1548 faciatis
1760 1529 1770 1540 ·
1847 1507 2062 1558 baptizatus
2081 1516 2187 1549 esset*

1342 1593 1393 1631 Et
1412 1595 1586 1633 contenti
1607 1602 1732 1635 estote
1847 1596 1975 1634 omnis
1994 1597 2164 1647 populus
2179 1619 2188 1629 ·
2233 1605 2272 1638 et

1341 1656 1543 1706 stipendiis
1562 1659 1702 1697 uestris
1846 1657 1912 1695 ihu
1931 1659 2126 1708 baptizato
2148 1682 2157 1691 ·
2178 1667 2216 1700 et
2235 1673 2333 1702 oran

1341 1718 1370 1740 ¹⁵
1382 1719 1640 1759 Existimante
1661 1727 1791 1760 autem
1844 1725 1882 1757 te
1901 1722 2048 1770 aperire
2068 1723 2221 1761 caelum

1341 1782 1449 1820 omni
1469 1784 1616 1832 populo
1647 1783 1697 1821 Et
1718 1785 1808 1835 cogi
1847 1780 1924 1820 2²et
1944 1783 2180 1823 descendere
2201 1789 2289 1835 spm

1340 1845 1509 1884 tantibus
1529 1846 1712 1885 omnibus
1844 1849 1927 1882 scm
1947 1847 2139 1896 corporali
2159 1860 2229 1898 spe

1340 1908 1380 1945 in
1399 1909 1581 1947 cordibus
1602 1909 1680 1947 suis
1700 1909 1749 1948 de
1844 1907 1903 1945 cie
1923 1908 2021 1946 sicut
2040 1909 2223 1950 columba
2241 1911 2283 1950 in

1339 1970 1509 2009 iohanne
1556 1984 1606 2010 ne
1627 1971 1725 2011 forte
1842 1970 1991 2019 ipsum·
2012 1971 2062 2009 Et
2077 1984 2155 2011 uox
2169 1973 2333 2015 decelo·

1338 2033 1422 2084 ipse
1442 2040 1544 2072 esset
1563 2038 1637 2084 xps
1651 2055 1659 2065 ·
1841 2032 1924 2071 fieri
1944 2033 2077 2074 dicens
2091 2055 2101 2065 ·
2145 2042 2185 2073 tu
2205 2048 2247 2075 es

1337 2095 1365 2116 ¹⁶
1379 2096 1597 2146 Respondit
1616 2097 1806 2138 iohannes
1842 2095 1943 2134 filius
1962 2108 2073 2135 meus
2092 2097 2256 2137 dilectus

1337 2158 1470 2198 dicens
1490 2160 1694 2198 omnibus·
1841 2158 1881 2196 in
1901 2164 1938 2196 te
1958 2159 2185 2209 conplacui·
2201 2183 2257 2192 —-·

1335 2222 1424 2272 Ego
1432 2222 1587 2273 quidem
1595 2235 1668 2261 uos
1682 2223 1825 2274 inaqua
1842 2219 1921 2259 2²³Et
1932 2221 2015 2271 ipse
2028 2222 2086 2260 ihs
2098 2230 2179 2262 erat
2190 2224 2310 2275 incipi

1335 2285 1492 2335 baptizo
1508 2307 1517 2315 ·
1562 2286 1603 2323 ln
1622 2287 1806 2336 paeniten
1843 2296 1913 2322 ens
1933 2284 2011 2322 fere
2032 2297 2225 2324 annorum

1336 2348 1428 2386 tiam
1445 2369 1454 2378 ·
1495 2349 1627 2387 ueniet
1645 2352 1735 2387 aute
1841 2347 1996 2397 triginta
2010 2368 2018 2377 ·
2060 2349 2167 2400 quod
2186 2349 2276 2390 uide

1335 2411 1469 2450 fortior
1488 2423 1552 2449 me
1573 2412 1683 2450 cuius
1840 2409 1951 2447 batur
1971 2422 2056 2448 esse
2076 2411 2175 2449 filius

1335 2486 1417 2513 non
1437 2487 1524 2513 sum
1544 2474 1684 2524 dignus
1705 2473 1766 2512 cal
1839 2472 1975 2522 ioseph
1992 2493 2001 2502 ·
2032 2473 2098 2523 qui
2118 2474 2187 2512 fuit
2206 2474 2306 2516 filius

1335 2537 1527 2576 ciamenta
1546 2543 1698 2587 portare
1715 2557 1724 2566 ·
1837 2533 1913 2572 heli
1929 2555 1938 2563 ·
1959 2535 2025 2585 qui
2040 2535 2111 2575 fuit
2122 2537 2280 2576 matthei
2294 2558 2305 2569 ·

1334 2599 1424 2649 Ipse
1443 2612 1515 2638 uos
1534 2599 1745 2648 baptizabit
1836 2594 2025 2647 ²⁴quifuit-
2046 2598 2139 2636 leui·
2161 2599 2311 2650 quisuit

1331 2662 1370 2699 in
1390 2665 1464 2711 spu
1483 2666 1550 2700 sco
1571 2668 1608 2700 et
1627 2661 1708 2711 igni
1721 2682 1730 2691 ·
1835 2659 1994 2697 melchi·
2008 2661 2074 2712 qui
2087 2661 2157 2699 fuit
2169 2662 2304 2701 ianne·

1330 2723 1358 2745 ¹⁷
1371 2731 1408 2762 et
1426 2724 1685 2763 uentilabrum
1703 2724 1744 2761 in
1833 2723 1899 2774 qui
1914 2722 1962 2761 fs·
1976 2723 2130 2774 ioseph·
2146 2725 2242 2776 ²⁵qui
2255 2725 2305 2765 fr·

1330 2787 1537 2825 manueius
1576 2792 1612 2825 et
1619 2786 1799 2838 purgauit
1831 2786 2071 2826 mattathiae·
2084 2787 2151 2839 qui
2163 2787 2321 2829 frames
