2872 3268
94 324 177 357 1¹01.
187 326 248 359 76.

276 208 417 242 XXVII.
438 206 578 249 10-38.]

276 312 374 350 sicut
393 312 588 351 constituit

275 374 369 412 mihi
390 375 463 413 dfis
477 397 485 404 ·
504 395 513 405 ·
556 373 584 396 ²¹
598 374 664 412 Ihs

275 444 405 476 autem
426 437 526 475 stetit
546 449 597 475 an

275 506 312 538 te
332 499 526 550 presidem
542 519 551 529 ·

259 598 262 599 γ
275 561 327 600 Et
345 561 594 611 interrogauit

275 635 366 663 eum
384 635 516 674 preses
535 623 574 662 di

276 698 370 725 cens
383 707 392 716 ·
422 692 463 724 tu
482 697 523 724 es
542 698 610 724 rex

275 748 476 787 iudeorum
489 768 498 778 ·
528 747 567 786 di

276 811 328 849 cit
347 810 382 849 ei
400 810 458 848 ihs
478 816 519 848 tu
537 809 635 848 dixis

275 873 303 911 ti
315 893 324 903 ·
367 871 397 895 ¹²
407 879 446 911 et
464 884 554 910 cum
573 883 690 910 accus

275 941 421 974 saretur
440 947 463 972 a
481 934 568 984 prin

274 997 423 1047 cipibus
443 995 604 1034 sacerdo

274 1065 358 1098 tum
375 1065 414 1097 et
433 1058 574 1097 seniori

273 1112 348 1161 bus
366 1120 459 1159 nihil
478 1127 615 1171 resp⁰n

273 1185 390 1224 debat
406 1201 414 1210 ·
455 1183 483 1206 ¹³
496 1183 611 1222 Tunc
631 1183 671 1221 di

275 1247 326 1286 cit
344 1246 395 1284 illi
414 1246 552 1297 pilatus
569 1267 577 1276 ·

274 1308 369 1349 Non
387 1309 495 1348 audis
514 1315 659 1359 quanta

274 1372 459 1412 aduersus
477 1378 515 1411 te
535 1372 574 1410 di

274 1442 368 1474 cunt
386 1435 603 1474 testimonia
620 1455 629 1465 ·

273 1497 303 1520 ²⁴
313 1497 365 1536 Et
383 1510 465 1536 non
482 1497 681 1547 respondit

273 1559 326 1598 illi
344 1559 465 1598 ullum
483 1560 605 1598 uerbii
621 1580 630 1590 ·

275 1647 335 1686 Ita
353 1654 396 1685 ut
414 1647 612 1684 miraretur

275 1720 408 1760 preses
426 1709 617 1747 uehemen

275 1778 333 1810 ter
346 1801 354 1810 .
382 1771 412 1812 ³⁶
424 1770 497 1809 Per
517 1771 620 1809 diem

273 1840 405 1873 autem
424 1833 611 1872 sollemne

275 1891 528 1935 consueuerat
546 1907 614 1946 pre

275 1970 337 1997 ses
356 1958 543 1996 dimittere
562 1970 615 2008 po

273 2020 367 2072 pulo
403 2011 525 2058 unum
544 2021 651 2061 uinc.

274 2090 357 2122 tum
375 2095 493 2134 quem
510 2083 634 2122 uoluis

275 2153 361 2185 sent
374 2167 382 2176 ·
425 2145 455 2167 ²⁶
467 2143 670 2184 Habebam

274 2215 404 2252 autem
423 2215 514 2247 tunc
534 2209 623 2248 uine

274 2278 358 2310 tum
375 2272 588 2322 insignem·

275 2334 342 2384 qui
362 2334 560 2373 dicebatur
578 2335 699 2373 barab

274 2397 346 2435 bas
361 2417 371 2427 ·
412 2395 442 2418 ¹⁷
454 2409 650 2448 congrega

275 2459 324 2497 tis
343 2465 473 2497 autem
492 2459 566 2498 illis

277 2521 374 2559 dixit
393 2521 532 2571 pilatus
549 2542 558 2551 ·
578 2529 688 2573 que-

275 2583 389 2621 uultis
403 2583 594 2622 dimittam

276 2645 387 2684 uobis
404 2665 412 2675 ·
442 2646 642 2684 barabban

275 2720 328 2746 an
346 2707 428 2745 ihm
447 2708 513 2758 qui
532 2708 668 2746 dicitur

276 2773 351 2819 xps
368 2790 376 2799 ·
420 2768 448 2790 ¹⁸
460 2770 606 2808 sciebat
625 2775 690 2808 eni

276 2832 382 2883 quod
401 2844 470 2882 per
484 2832 663 2871 inuidia*

275 2894 512 2933 tradiderunt
530 2902 611 2933 eu*
623 2915 632 2925 ·

1071 201 1161 241 MA
1174 193 1387 240 TTHEU·
1397 221 1405 231 ·

781 309 809 331 ¹⁹
823 308 986 348 Sedente
1006 317 1135 349 autem
1154 310 1219 350 illo

780 384 852 422 pro
871 373 1049 421 tribunali
1066 393 1075 402 ·

780 434 888 473 Misit
906 435 956 473 ad
975 447 1065 473 eum
1083 447 1181 473 uxor

778 497 859 534 eius
879 497 1013 534 dicens
1027 517 1036 526 ·
1067 494 1162 534 nihil

778 559 825 597 sit
848 559 917 597 tibi
939 565 978 597 et
996 559 1096 597 iusto
1119 559 1197 596 illi·

778 621 904 659 Multa
922 621 1027 659 enim
1045 633 1161 671 passa
1181 625 1226 660 εὖ

777 683 891 722 hodie
911 695 980 733 per
997 684 1134 722 uisu--

777 752 933 796 propter
951 758 1041 784 eum
1057 766 1066 775 ·

775 807 806 829 ²⁰
816 808 1001 858 Princeps
1020 815 1149 847 autem

778 870 1021 909 sacerdotum
1043 877 1081 908 et

777 933 946 972 seniores
966 954 974 964 ·
1004 945 1119 983 persu

777 1002 933 1034 aserunt
950 996 1098 1046 populu
1112 1017 1121 1026 ·

777 1064 819 1097 ut
836 1064 1010 1108 peterent
1029 1059 1150 1097 barab

776 1122 855 1160 ban
871 1142 880 1151 -
910 1121 992 1159 ihm
1010 1133 1104 1160 uero

775 1184 979 1235 perderent
995 1204 1003 1213 ·
1021 1205 1029 1214 ·
1070 1183 1099 1206 2¹
1111 1184 1190 1224 Res

776 1247 956 1298 ponderis
977 1254 1106 1285 autem

775 1321 906 1360 preses
925 1309 980 1347 dit
997 1309 1068 1350 illis
1085 1331 1093 1340 ·

777 1372 907 1420 Quem
926 1372 1040 1410 uultis
1059 1372 1107 1412 de
1127 1372 1179 1411 du

775 1436 873 1475 obus
892 1435 1082 1473 dimittam
1100 1448 1152 1475 uo

775 1498 833 1536 bis
846 1518 855 1528 ·
886 1505 925 1536 at
942 1498 994 1535 illi
1013 1498 1192 1536 dixerunt

775 1560 976 1598 barabban
991 1564 999 1606 ξ
1031 1558 1060 1580 ²²
1066 1561 1158 1599 dicit
1172 1561 1242 1599 illis

775 1647 914 1698 pilatus
961 1647 1053 1697 quid
1074 1660 1115 1686 er

776 1722 828 1759 go
846 1709 1030 1748 faciemus
1049 1710 1129 1748 ihm

777 1772 844 1822 qui
863 1772 997 1811 dicitur
1017 1776 1092 1823 xps
1105 1793 1114 1803 ·

777 1834 923 1872 Dicunt
941 1846 1078 1873 omnes
1098 1847 1167 1874 cru

777 1897 952 1947 cifigatur
964 1918 973 1927 ·
1002 1897 1032 1920 ²³
1044 1898 1111 1936 Ait
1129 1898 1200 1936 illis

777 1971 908 2010 preses
927 1959 1018 2009 quid
1038 1961 1135 1998 eni-

777 2022 878 2060 male
897 2022 987 2061 fecit
1005 2043 1014 2053 ·
1050 2029 1089 2061 at
1108 2023 1160 2061 illi

776 2085 899 2134 magis
919 2084 1141 2124 clamabant

777 2147 948 2186 dicentes
967 2148 1098 2186 crucifi

776 2215 888 2260 gatur
904 2231 912 2240 ·
952 2208 980 2231 ²⁴
992 2209 1141 2250 Uidens

777 2278 906 2311 autem
924 2273 1061 2322 pilatus
1074 2294 1083 2303 ·

776 2339 897 2386 qu—om
917 2335 1010 2373 nihil
1029 2337 1127 2386 profi

777 2398 828 2436 cit
848 2398 915 2436 sed
935 2399 1059 2448 magis
1078 2405 1121 2438 tu

776 2460 940 2498 multum
960 2461 1064 2499 fieri·

775 2523 951 2572 Accepta
965 2535 1065 2573 aqua
1083 2523 1175 2562 lauit

776 2596 916 2623 manus
937 2597 1070 2623 coram
1089 2598 1141 2635 po

776 2647 867 2697 pulo
887 2647 1019 2685 dicens
1083 2648 1176 2686 inno

777 2721 869 2747 cens
888 2721 963 2758 ego
983 2721 1068 2747 sum
1088 2722 1111 2748 a

777 2771 962 2820 sanguine
981 2771 1068 2809 iusti

776 2832 887 2871 huius
905 2845 976 2871 uos
995 2833 1114 2871 uideri
1219 2880 1222 2883 ψ

776 2895 822 2933 tis
839 2916 847 2925 ·
886 2894 963 2934 ²⁵et
982 2896 1220 2946 respondens

1314 310 1493 349 uniuersa
1513 311 1623 349 turba

1315 373 1409 411 dixit
1425 393 1434 402 ·
1466 373 1632 423 Sanguis

1314 436 1395 474 eius
1415 447 1528 485 super
1547 447 1619 474 nos

1315 504 1353 536 et
1373 509 1488 547 super
1509 498 1607 536 filios

1315 566 1469 598 nostros
1487 580 1495 589 ·
1534 557 1666 598 2⁶tune

1315 621 1457 660 dimisit
1474 621 1546 659 illis
1564 622 1635 659 bar

1315 684 1445 722 abban
1461 705 1470 714 -
1501 684 1589 722 Ihm
1609 697 1659 723 au

1314 753 1393 785 tem
1412 747 1572 797 flagellis
1591 759 1661 786 cae

1315 821 1402 847 sum
1421 809 1577 848 tradidit
1596 816 1638 848 ut

1314 872 1597 921 crucifigeretur
1612 892 1621 902 ·
1639 893 1648 902 ·

1314 932 1343 955 ²⁷
1357 935 1471 973 Tunc
1491 934 1628 973 milites
1647 946 1716 986 pre

1316 997 1407 1036 sidis
1427 1010 1587 1047 suscepe

1314 1067 1402 1098 runt
1421 1072 1510 1098 eum
1528 1058 1563 1087 in
1581 1066 1691 1110 preto

1314 1124 1372 1162 rio
1388 1144 1396 1153 ·
1426 1129 1464 1161 et
1484 1136 1630 1173 congre

1314 1192 1501 1236 gauerunt
1519 1186 1569 1224 ad
1587 1189 1636 1224 eii

1313 1255 1435 1287 totam
1454 1248 1646 1287 cohorte*
1661 1269 1670 1278 ·

1314 1310 1342 1332 ²⁸
1353 1311 1404 1350 Et
1422 1311 1626 1350 induerunt
1644 1315 1693 1349 esi

1313 1374 1519 1413 clamidem
1538 1374 1646 1412 cocci

1313 1449 1429 1475 neam
1445 1458 1454 1467 ·
1485 1437 1629 1475 circum

1313 1499 1501 1538 dederunt
1519 1511 1609 1538 eum

1312 1568 1350 1600 et
1368 1574 1578 1612 purpurem

1312 1645 1341 1668 ²⁹
1352 1646 1404 1685 Et
1423 1658 1609 1686 coronam
1628 1646 1678 1686 de

1314 1710 1432 1759 spinis
1451 1721 1575 1759 posue

1312 1778 1400 1810 runt
1419 1784 1533 1822 super
1553 1784 1600 1822 ca

1313 1834 1393 1885 pud
1412 1835 1493 1872 eius
1508 1855 1517 1864 ·
1548 1841 1586 1873 et
1605 1834 1655 1873 ha

1312 1897 1517 1935 rundinem
1535 1897 1575 1935 in
1595 1897 1669 1936 dex

1313 1963 1370 1997 tra
1389 1960 1469 1998 eius
1486 1981 1494 1990 -
1524 1959 1576 1998 Et
1595 1960 1646 1998 ad

1311 2022 1518 2072 geniculan

1310 2091 1368 2124 tes
1387 2097 1428 2123 se
1447 2091 1536 2123 ante
1555 2097 1644 2123 eum
1662 2105 1670 2115 ·

1312 2147 1545 2186 deludebant
1563 2155 1646 2186 eu-

1312 2210 1482 2249 dicentes
1497 2231 1506 2240 ·
1536 2210 1660 2249 hauae

1312 2286 1379 2311 rex
1398 2273 1598 2312 iudeorum
1615 2294 1624 2303 ·

1311 2336 1342 2358 ³⁰
1352 2336 1402 2375 Et
1421 2342 1632 2387 expuentes
1655 2336 1696 2374 in

1312 2411 1402 2437 eum
1417 2419 1426 2429 ·
1457 2406 1690 2449 acceperunt

1312 2461 1568 2499 harundinem

1311 2523 1362 2561 Et
1380 2524 1646 2573 percutiebant

1312 2586 1438 2635 capud
1457 2586 1539 2623 eius
1551 2607 1560 2616 ·
1601 2585 1630 2606 ³1
1643 2584 1694 2623 Et

1311 2654 1517 2697 postquam
1537 2647 1618 2685 inlu

1312 2716 1442 2748 serunt
1460 2721 1549 2747 eum
1566 2730 1574 2739 ·
1608 2709 1667 2748 dis

1310 2771 1550 2821 poliauerunt
1569 2779 1650 2809 eu·

1310 2840 1347 2872 et
1366 2833 1571 2872 clamidem
1600 2833 1650 2872 Et

1310 2897 1515 2935 induerunt
1533 2899 1582 2935 εὖ

2225 211 2354 266 39,

2300 316 2381 347 Pol.
2391 317 2448 350 77.

1816 309 2045 347 uestimenta
2064 308 2143 347 eius

1815 370 1867 408 Et
1885 371 2076 409 duxerunt
2094 383 2183 410 eum

1816 440 1858 471 ut
1877 433 2143 483 crucifigerent
2159 455 2168 464 ·

1816 494 1846 516 ⁸²
1858 495 2054 534 Exeuntes
2074 503 2202 534 autem

1816 557 2046 596 inuenerunt
2066 558 2117 596 ho

1817 620 1963 658 minem
1983 624 2150 670 cyreneii

1818 682 1975 720 nomine
1995 682 2145 721 simone

1818 742 1939 782 Hunc
1960 744 2165 794 angariaue

1818 812 1907 844 runt
1925 813 1967 844 ut
1986 806 2074 845 tolle

1818 874 1875 905 ret
1894 880 2048 907 crucem
2067 869 2147 907 eius

1818 930 1846 951 ³³
1858 930 1908 969 Et
1926 938 2114 969 uenerunt
2131 931 2170 969 in
2189 931 2228 971 lo

1817 1004 1908 1031 cum
1927 994 1992 1043 qui
2011 993 2147 1031 dicitur

1816 1055 2000 1105 golgotha
2019 1055 2125 1105 quod

1818 1123 1875 1155 est
1894 1116 2083 1156 caluariae
2102 1117 2140 1156 lo

1817 1191 1885 1217 cus
1901 1200 1910 1208 ·
1954 1179 1982 1200 ³⁴
1994 1179 2045 1218 Et
2064 1180 2252 1219 dederunt

1814 1242 1849 1280 ei
1869 1242 1998 1280 bibere
2012 1249 2157 1281 acetu-

1814 1303 1899 1342 felle
1919 1305 2084 1343 mixtum
2101 1325 2110 1335 ·

1813 1365 1864 1404 Et
1883 1379 1973 1404 cum
1991 1374 2180 1417 gustasset

1812 1428 1934 1467 noluit
1951 1430 2080 1469 bibere
2095 1451 2103 1461 ·
2118 1452 2126 1460 ·

1813 1491 1842 1512 ³⁵
1855 1491 2066 1543 Postquam
2085 1499 2214 1531 autem

1812 1555 2082 1594 crucifixerunt

1813 1653 1904 1679 eum
1916 1662 1925 1671 ·
1955 1641 2164 1681 diuiserunt

1814 1703 1886 1741 sibi
1903 1705 2132 1743 uestimenta

1813 1766 1893 1804 eius
1913 1773 2053 1805 sortem
2072 1767 2141 1806 mit

1813 1835 1936 1867 tentes
1952 1849 1961 1859 ·
1991 1836 2032 1868 ut
2051 1829 2166 1879 imple

1812 1898 1914 1930 retur
1934 1892 2038 1942 quod
2058 1892 2118 1931 dic

1813 1960 1897 1993 tum
1915 1961 1973 1992 est
1990 1967 2058 2004 per
2076 1967 2147 2004 pro

1814 2016 1932 2055 fetam
1948 2037 1957 2047 ·
1988 2017 2120 2056 Diuise

1814 2085 1904 2118 runt
1925 2080 2115 2118 uestimen

1815 2148 1853 2180 ta
1872 2154 1959 2180 mea
1978 2142 2050 2180 sibi
2068 2149 2105 2181 et
2124 2154 2168 2181 su

1813 2216 1882 2255 per
1900 2211 2047 2243 uestem
2067 2213 2187 2244 mea-

1812 2267 1998 2305 miserunt
2011 2274 2143 2306 sorte*
2157 2288 2166 2298 ·

1811 2329 1840 2350 ³⁶
1853 2329 1903 2367 Et
1922 2329 2096 2367 sedentes
2116 2342 2227 2369 serua

1811 2392 1905 2429 bant
1924 2403 2013 2429 eum
2030 2412 2039 2421 ·
2079 2392 2108 2413 ⁸⁷
2119 2399 2156 2430 et
2174 2392 2214 2431 in

1810 2460 2019 2503 posuerunt
2038 2466 2083 2492 su

1810 2528 1879 2566 per
1898 2516 2024 2565 capud
2043 2517 2125 2556 eius

1810 2597 1969 2624 causam
2023 2586 2105 2625 eius
2125 2588 2225 2638 scrip

1809 2654 1889 2686 tam
1905 2668 1914 2677 ·
1943 2647 2005 2686 hic
2024 2655 2082 2687 est
2099 2662 2168 2688 rex

1807 2709 2010 2749 iudeorum
2024 2731 2034 2741 ·

1809 2771 1838 2793 ⁸⁸
1850 2771 1965 2812 Tunc
1985 2774 2185 2814 crucifixse

1809 2841 1898 2873 runt
1916 2847 2006 2874 cum
2024 2848 2072 2875 eo

1810 2896 1888 2935 duo
1906 2897 2075 2938 latrones
