2872 3268
94 340 176 374 1⁸01.
190 340 271 374 213.

302 234 358 266 lv.
371 234 485 276 42—V.
506 231 574 278 19.]

301 351 463 379 monem
482 339 674 380 credimus

301 402 375 452 ipsi
390 403 496 441 enim
516 403 733 441 audiuimus

300 471 339 503 et
358 465 502 503 scimus
521 465 612 515 quia
631 465 694 504 hic

301 533 361 565 est
379 538 469 565 uere
490 527 659 565 saluator

301 589 422 627 seculi
441 593 515 638 xps
530 611 584 618 —
595 605 650 623 „t

282 648 334 672 *⁴⁸
346 651 440 690 Post
457 651 618 689 biduum
637 655 724 690 aute

282 710 500 762 *profectus
518 721 577 751 est
597 714 687 751 inde

281 773 343 812 *in
362 775 540 825 galileam
556 796 565 806 ·
607 776 637 796 ⁴4
649 775 732 826 ipse
756 815 761 820 ,

282 835 410 876 *enim
429 838 487 876 ihs
507 838 669 876 testifica

299 906 362 938 tus
381 906 439 938 est
485 900 576 950 quia
595 912 667 950 pro

299 959 378 999 feta
396 961 437 998 in
457 973 524 1000 sua
543 962 666 1011 patria

298 1021 491 1061 honorem
510 1036 591 1062 non
609 1024 661 1063 ha

297 1085 385 1123 bet·
426 1085 455 1106 ⁴⁵
468 1085 569 1124 Cum
589 1098 683 1136 ergo
702 1098 752 1125 ue

297 1146 417 1185 nisset
436 1147 476 1184 in
496 1147 635 1197 galilea

298 1215 551 1259 susceperunt
571 1217 652 1248 eu*

295 1271 423 1321 galilei
438 1292 448 1301 ·
491 1272 624 1310 omnia
642 1273 681 1311 ui

297 1333 434 1371 dentes
454 1344 552 1382 quae
572 1333 670 1372 facie

295 1395 363 1432 bat
382 1395 423 1433 in
441 1394 663 1434 hierusale-

297 1457 338 1494 in
358 1457 419 1495 die
438 1457 531 1496 fe⁸to
586 1464 624 1496 et
644 1458 715 1508 ipsi

296 1519 402 1558 enirn
419 1526 607 1558 uenerant
627 1521 667 1558 in

295 1687 399 1725 diem
418 1687 559 1726 festum
572 1709 581 1718 ·
600 1709 651 1717 —-

295 1750 325 1771 ⁴⁶
337 1749 454 1788 Uenit
473 1762 567 1800 ergo
586 1751 723 1789 iterum

293 1811 353 1850 ihs
372 1811 412 1849 in
431 1824 529 1850 cana
547 1813 709 1862 galileae
730 1833 739 1843 ·

292 1874 360 1912 ubi
379 1873 518 1912 fecerat
537 1884 679 1924 aquam

292 1936 428 1974 uinum
443 1957 452 1966 ·
470 1957 479 1966 ·
523 1935 616 1974 Erat
639 1949 689 1975 au

291 2004 372 2036 tem
391 1997 549 2048 quidam
568 2009 664 2048 regu

290 2059 350 2098 lus
405 2060 513 2098 cuius
531 2060 632 2099 filius

289 2122 552 2161 infirmabatur
570 2123 610 2160 in

290 2196 525 2234 capernaum
541 2206 550 2215 ·
593 2185 622 2206 ⁴⁷
636 2184 713 2224 Hic

289 2258 380 2285 cum
399 2247 568 2285 audisset
587 2247 678 2297 quia

287 2308 347 2347 ihs
365 2309 470 2347 uenit
490 2309 538 2347 de
558 2309 696 2348 iudaea

288 2370 329 2408 in
347 2371 526 2420 galileam
542 2392 551 2401 ·
594 2372 687 2409 abiit

288 2432 339 2470 ad
357 2444 448 2470 eum
465 2439 504 2471 et
521 2434 684 2483 rogabat

286 2500 328 2532 ut
346 2494 597 2533 descenderet

285 2561 324 2593 et
343 2562 492 2594 curaret
506 2556 626 2594 filiurn

287 2617 369 2655 eius
437 2617 645 2667 incipiebat

286 2752 380 2790 ergo
400 2740 459 2778 ihs
477 2740 527 2779 ad
546 2752 635 2778 eum
657 2741 696 2779 ni

286 2803 317 2840 si
337 2802 447 2852 signa
465 2808 503 2841 et
521 2803 699 2853 prodigia

661 2926 708 2964 tis

821 323 921 356 lectio
932 323 966 355 in
976 322 1069 355 albas
1081 322 1134 355 die
1144 322 1248 355 sabba

845 379 958 406 torum

800 426 939 465 ⁴⁹Dicit
959 434 1087 466 autem
1107 427 1156 467 ad
1178 439 1267 466 eum

801 489 955 539 regulus
972 510 980 519 ·
1029 489 1105 528 dfie

804 551 998 590 descende
1018 552 1123 602 prius

803 624 921 662 quam
939 614 1125 651 moriatur

804 687 899 725 puer
917 687 1026 714 meus
1042 696 1051 705 ·
1090 675 1121 696 ⁵⁰
1132 675 1237 714 Dicit

1146 218 1461 267 IOHANNE’-
2247 235 2302 279 47

801 737 858 774 illi
876 737 934 775 ihs
980 737 1080 776 uade
1100 738 1151 775 fili

803 811 848 837 us
868 805 955 838 tuus
973 799 1066 838 uiuit
1081 821 1090 830 ·

802 861 963 900 credidit
982 861 1103 900 homo

800 924 962 961 uerbum
980 924 1087 974 quod

1138 799 1188 839 Et

800 984 896 1023 dixit
914 986 1009 1024 eiihs
1030 993 1066 1024 et
1086 986 1166 1024 ibat

799 1046 827 1068 ⁵¹
840 1047 924 1085 Iam
944 1054 1073 1086 autem
1092 1048 1235 1087 descen

798 1109 958 1148 denteeo
973 1131 981 1140 ·
1025 1110 1125 1149 serui
1145 1111 1227 1149 eius

798 1178 1046 1210 occurrerunt
1065 1173 1101 1211 ei

797 1240 835 1272 et
854 1236 1128 1273 nuntiauerunt

798 1295 970 1335 dicentes
989 1301 1084 1347 qum
1103 1296 1129 1335 fi

796 1357 868 1396 lius
888 1365 974 1397 tuus
994 1360 1088 1397 uiuit
1103 1381 1155 1387 —
1169 1381 1177 1389 ·

796 1418 825 1440 “²
837 1420 1107 1471 Interrogabat
1126 1434 1221 1472 ergo

795 1481 934 1521 horam
948 1482 997 1521 ab
1016 1483 1071 1522 eis
1090 1497 1167 1534 qua

794 1545 930 1583 melius
951 1544 1084 1584 habuit
1100 1567 1109 1576 ·
1154 1546 1205 1585 Et

795 1607 971 1646 dixerunt
991 1609 1025 1646 ei
1045 1609 1134 1658 quia

794 1685 973 1724 hesterna
993 1687 1054 1726 die
1074 1687 1172 1726 hora

794 1748 958 1798 septima
978 1748 1121 1787 dimisit
1145 1750 1170 1787 il

793 1809 873 1847 lum
888 1810 1003 1849 febris
1017 1832 1026 1841 ·
1057 1811 1087 1832 ⁵⁸
1100 1811 1242 1861 Cogno

791 1872 846 1910 uit
866 1885 960 1923 ergo
980 1880 1089 1923 pater
1108 1875 1198 1924 quia

790 1934 854 1972 illa
873 1935 968 1973 hora
983 1948 1060 1985 qua
1073 1936 1125 1974 illi
1141 1937 1235 1975 dixit

789 1997 849 2035 ihs
869 1998 975 2047 quod
994 1998 1092 2037 filius
1113 2005 1200 2038 tuus

788 2059 882 2097 uiuit
896 2079 904 2089 ·
944 2059 995 2097 Et
1014 2061 1175 2099 credidit

790 2121 874 2171 ipse
889 2127 926 2159 et
945 2122 1071 2160 omnis
1091 2122 1231 2162 domus

788 2183 871 2221 eius
886 2204 895 2213 ·
938 2183 967 2204 ⁵⁴
979 2183 1069 2222 Hoc
1089 2185 1224 2224 iterum

789 2245 1001 2284 secundum
1022 2247 1169 2296 signu-

786 2306 876 2346 fecit
895 2307 953 2346 ihs
972 2309 1133 2347 ueniens

787 2369 835 2407 de
843 2369 956 2407 iudea
968 2370 1007 2407 in
1020 2371 1247 2420 galileam—

751 2430 770 2452 *
778 2436 817 2470 5.
828 2430 1018 2471 1Posthec
1026 2432 1183 2472 fuitdies
1195 2434 1251 2474 fes

751 2493 848 2533 *tus
867 2494 1069 2532 iudeorum
1082 2516 1091 2526 ·
1134 2503 1172 2535 et

753 2555 773 2578 *
788 2556 962 2594 ascendit
979 2557 1038 2595 ihs
1056 2557 1164 2597 hiero

752 2617 772 2640 *
785 2618 935 2668 solyma
951 2639 960 2648 ·
1002 2617 1017 2638 ²
1028 2626 1086 2657 est
1104 2627 1232 2659 autem

287 2679 393 2717 enim
411 2679 511 2716 mori
527 2699 536 2709 ·
553 2701 561 2709 ·
580 2701 588 2709 ·
609 2677 752 2718 ⁴⁸Dixit
785 2680 826 2717 in
845 2680 1115 2730 hierosolymis
1135 2683 1175 2720 in

784 2742 983 2791 probatica
1002 2743 1152 2792 piscina
1166 2765 1174 2774 -

785 2802 899 2850 Quae
915 2803 1053 2842 dicitur
1068 2804 1246 2846 hebreice

284 2864 454 2903 uideritis
509 2876 590 2903 non
609 2864 714 2902 credi
784 2865 970 2904 bethesda
983 2886 992 2896 ·
1035 2868 1207 2919 quinque
1221 2890 1229 2899 ·

1334 340 1505 390 porticos
1524 339 1672 378 habens
1686 360 1695 370 ·
1838 339 2318 391 ¹²1nterrogabantaute--
2336 349 2418 381 1¹01.
2431 349 2512 381 214.

1332 402 1350 424 ⁸
1362 402 1401 440 in
1421 402 1560 452 quibus
1580 402 1757 440 iacebant
1837 401 1944 439 illum
1964 402 2138 441 dicentes
2154 424 2164 434 ·
2205 404 2292 454 quis

1336 463 1539 502 multitudo
1559 464 1646 502 infir
1837 470 1896 502 est
1914 464 2034 503 homo
2055 465 2121 515 qui
2141 465 2211 503 tibi

1335 526 1527 564 mantium
1550 533 1749 564 caecoru-
1837 525 1931 564 dixit
1949 527 2040 565 tolle
2058 527 2204 566 lectum

1336 588 1562 627 claudorum
1581 595 1619 627 et
1637 589 1722 627 hari
1835 593 1947 626 tuum
1966 594 2003 627 et
2021 590 2139 627 ambu

1337 650 1477 688 dorum
1495 672 1502 680 ·
1521 672 1529 680 ·
1560 650 1575 672 ³
1589 651 1683 689 Erat
1702 663 1752 689 au
1836 649 1873 688 la
1886 670 1895 680 ·
1935 650 1964 672 ¹³
1976 651 2036 690 ille
2057 659 2186 691 autem
2205 653 2301 704 igno

1337 718 1417 750 tem
1437 713 1490 751 ibi
1508 712 1629 751 homo
1650 734 1659 743 ·
1674 726 1749 751 xxx
1763 735 1772 744 ·
1835 713 1944 751 rabat
1964 714 2049 763 quis
2068 721 2192 753 esset·

1337 780 1375 812 et
1391 795 1398 804 ·
1413 787 1484 813 U111
1505 796 1512 804 ·
1528 787 1654 813 annos
1667 775 1816 815 habens
1835 773 1902 813 Ihs
1921 776 2026 813 enirn
2047 777 2247 816 declinaue

1335 836 1376 874 in
1394 837 1653 876 infirmitatem
1669 858 1677 867 ·
1833 843 1891 875 rat
1911 849 2001 875 cum
2019 839 2187 890 populus

1334 899 1348 920 ⁶
1361 898 1479 937 Hunc
1499 912 1590 938 cum
1609 900 1769 940 uidisset
1834 906 1937 937 esset
1954 900 1995 937 in
2013 901 2143 939 locum
2155 922 2165 931 ·

1335 960 1394 999 ihs
1412 962 1602 999 iacentem
1658 969 1695 1001 et
1834 959 1863 981 ¹⁴
1875 960 1968 999 Post
1987 963 2083 1001 haec
2102 963 2249 1003 inuenit

1334 1023 1460 1062 sciens
1480 1028 1574 1074 qum
1594 1024 1672 1062 iam
1833 1022 1939 1060 illum
1958 1024 2017 1062 ihs
2036 1025 2076 1063 in
2096 1026 2243 1076 templo

1332 1086 1496 1123 multum
1515 1086 1701 1136 temporis
1832 1091 1870 1123 et
1890 1085 1984 1124 dixit
2003 1087 2076 1125 illi·
2116 1100 2208 1126 ecce
2228 1100 2272 1128 sa.

1331 1146 1499 1185 habebat
1518 1149 1558 1185 in
1578 1149 1719 1186 infirmi
1832 1159 1905 1185 nus
1924 1147 2046 1187 factus
2065 1161 2107 1188 es
2123 1171 2132 1180 ·
2174 1151 2252 1189 iam

1331 1215 1451 1247 tatem
1464 1230 1473 1240 ·
1514 1210 1619 1249 Dicit
1638 1211 1689 1249 illi
1710 1211 1769 1251 ihs
1830 1210 1911 1248 noli
1930 1201 2091 1259 peccare
2107 1232 2116 1242 ·
2156 1225 2207 1251 ne

1330 1272 1390 1309 uis
1410 1284 1526 1310 sanus
1546 1272 1627 1311 fieri
1640 1293 1648 1302 ·
1829 1271 1923 1321 quid
1936 1272 2004 1310 tibi
2017 1274 2184 1313 deterius
2223 1292 2295 1326 finit

1329 1333 1343 1355 ⁷
1358 1333 1578 1383 Respondit
1597 1335 1648 1373 illi
1669 1335 1755 1373 infir
1830 1335 2024 1384 contingat
2039 1356 2048 1365 ·
2079 1335 2108 1357 ¹⁵
2118 1337 2168 1375 Et
2188 1337 2278 1377 habi

1330 1408 1418 1434 mus
1480 1397 1556 1435 dfie
1574 1418 1582 1427 -
1603 1397 1795 1436 homine*
1827 1395 1857 1433 it
1876 1395 1997 1435 homo
2016 1404 2055 1436 et
2074 1398 2168 1437 dixit
2188 1400 2227 1437 iu

1330 1470 1412 1497 non
1431 1458 1558 1497 habeo
1612 1466 1655 1498 ut
1674 1472 1763 1499 cum
1828 1457 1934 1496 daeis
1954 1460 2043 1508 quia
2063 1460 2121 1499 ihs
2141 1467 2200 1500 est

1329 1527 1436 1559 mota
1455 1521 1567 1560 fuerit
1586 1534 1686 1572 aqua
1828 1520 1894 1571 qui
1912 1519 2000 1560 feeit
2018 1534 2081 1560 me
2102 1534 2240 1562 sanum
2256 1544 2266 1555 ·

1328 1687 1452 1725 mittat
1471 1700 1533 1726 me
1553 1689 1593 1727 in
1612 1689 1761 1740 piscina
1782 1711 1791 1721 ·
1825 1687 1904 1726 ¹⁶et
1923 1697 2079 1740 propter
2097 1691 2173 1730 hoc
2193 1705 2264 1743 per

1328 1748 1422 1786 dum
1440 1751 1544 1788 enim
1563 1763 1638 1801 ego
1657 1753 1774 1792 uenio
1825 1753 2108 1801 sequaebantur
2128 1754 2208 1792 ihm

1327 1811 1422 1850 alius
1443 1818 1531 1850 ante
1551 1825 1614 1851 me
1633 1813 1776 1853 descen
1825 1813 1951 1852 iudaei
1970 1822 2007 1853 et
2027 1818 2264 1866 quaerebant

1327 1873 1390 1911 det
1406 1894 1415 1904 ·
1456 1874 1470 1895 ⁸
1482 1874 1585 1913 Dicit
1604 1875 1656 1913 illi
1676 1877 1735 1915 ihs
1752 1898 1760 1908 ·
1824 1887 1914 1913 eum
1935 1878 2112 1916 occidere
2127 1899 2136 1908 ·
2177 1880 2269 1930 quia

1325 1947 1440 1985 surge
1459 1937 1550 1975 tolle
1570 1938 1628 1976 lec
1824 1938 1920 1977 haec
1941 1939 2106 1979 faciebat
2125 1943 2246 1981 sabba

1324 2003 1407 2035 tum
1426 2005 1534 2037 tuum
1553 2006 1591 2038 et
1610 2002 1726 2039 ambu
1822 2001 1871 2038 tis
1887 2021 1895 2031 ·
1938 2001 1967 2022 ¹⁷
1978 2001 2029 2040 Et
2046 2005 2245 2054 respondit

1322 2059 1359 2097 la
1376 2080 1385 2090 ·
1426 2061 1439 2082 ⁹
1451 2060 1502 2099 Et
1520 2062 1647 2100 statim
1667 2063 1789 2102 factus
1823 2063 1896 2102 illis
1916 2063 1975 2102 ihs
1992 2085 2000 2094 ·
2043 2072 2152 2115 pater
2171 2079 2235 2106 me

1322 2129 1380 2160 est
1400 2135 1515 2162 sanus
1535 2124 1656 2163 homo
1675 2147 1683 2155 ·
1823 2137 1870 2164 us
1889 2138 2035 2176 usquae
2054 2129 2175 2167 modo
2195 2142 2220 2167 o

1322 2191 1359 2224 et
1377 2186 1461 2224 tulit
1478 2188 1696 2236 grabattum
1823 2195 1976 2238 peratur
2030 2197 2068 2229 et
2087 2203 2161 2241 ego
2181 2204 2206 2231 o

1321 2259 1435 2286 suum
1454 2255 1492 2286 et
1511 2249 1731 2288 ambulabat
1746 2272 1755 2281 -
1823 2263 1936 2301 peror
1949 2273 1957 2281 ·
1975 2272 1983 2282 ·
2000 2273 2007 2282 ·
2024 2273 2032 2283 ·
2086 2251 2115 2274 ¹⁸
2127 2253 2289 2305 Propter

1319 2309 1414 2348 Erat
1433 2317 1561 2348 autem
1580 2313 1775 2351 sabbatu-
1823 2313 1898 2352 hoc
1906 2326 1999 2364 ergo
2012 2317 2137 2366 magis
2145 2329 2287 2367 quaere

1320 2371 1360 2409 in
1375 2372 1438 2410 illa
1454 2372 1514 2410 die
1528 2393 1538 2403 ·
1561 2373 1791 2414 ¹⁰Dicebant
1824 2377 1918 2414 bant
1936 2388 2027 2414 eum
2045 2378 2172 2417 iudaei
2191 2392 2240 2419 oc

1320 2446 1413 2484 ergo
1433 2435 1536 2474 iudei
1604 2438 1726 2476 sabba
1822 2438 1949 2477 cidere
1965 2459 1974 2468 ·
2013 2444 2107 2489 qum
2125 2454 2208 2480 non

1319 2503 1402 2534 tum
1422 2503 1480 2535 est
1535 2510 1617 2537 non
1636 2499 1704 2537 tibi
1822 2500 1947 2539 solum
1967 2502 2142 2542 soluebat
2161 2506 2230 2544 sab

1316 2558 1404 2597 licet
1423 2559 1555 2598 tollere
1574 2561 1708 2599 lectu*
1821 2563 1954 2601 batum
1969 2584 1979 2593 ·
2021 2564 2098 2603 Sed
2117 2567 2233 2606 etiam

1317 2627 1423 2660 tuam
1439 2642 1448 2651 ·
1486 2621 1515 2642 ¹¹
1529 2622 1692 2672 Respon
1820 2631 1970 2674 patrem
1989 2638 2102 2665 suum
2122 2629 2209 2668 dice

1318 2683 1374 2720 dit
1392 2683 1464 2722 illis
1510 2685 1577 2733 qui
1596 2684 1685 2723 fecit
1819 2687 1885 2725 bat
1904 2699 1988 2726 esse
2008 2689 2074 2727 dm
2091 2711 2100 2720 ·
2139 2704 2264 2743 aequa

1319 2757 1381 2783 me
1402 2757 1541 2783 sanum
1560 2746 1620 2785 ille
1640 2747 1736 2786 mihi
1817 2748 1895 2787 lem
1915 2762 1956 2788 se
1976 2750 2121 2791 faciens
2139 2754 2191 2792 do
2205 2776 2215 2786 -

1318 2807 1412 2847 dixit
1431 2807 1521 2845 tolle
1541 2810 1673 2848 crabat
1819 2810 2039 2861 Respondit
2057 2827 2151 2866 ergo
2170 2817 2229 2856 ihs

1317 2874 1399 2907 turn
1419 2874 1528 2907 tuum
1547 2876 1584 2909 et
1603 2872 1757 2912 ambula
1818 2880 1855 2914 et
1873 2874 1968 2914 dixit
1982 2875 2055 2917 illis
2069 2898 2078 2908 ·
2119 2878 2282 2920 ¹⁹Amen
