2872 3268
306 206 368 239 IX.
384 203 509 248 9—37.]
1192 199 1423 239 LUCAN·
2255 195 2308 251 87

107 321 191 360 1¹01.
204 323 277 355 111.
309 326 384 365 ego
405 314 520 353 audio
540 313 629 353 talia
644 334 652 344 ·
696 321 734 352 et
810 314 1022 365 16Acceptis
1034 322 1161 354 autem
1174 316 1266 366 quin
1341 314 1371 337 ²³
1384 315 1549 354 Dicebat
1568 322 1698 354 autem
1717 315 1767 354 ad
1841 315 2036 366 refulgens
2050 336 2058 346 ·
2089 316 2119 338 ⁸⁰
2130 322 2167 354 et
2186 329 2276 355 ecce
2325 326 2407 357 1¹01.
2423 327 2502 357 112.

308 378 495 428 querebat
514 377 620 414 illum
639 377 678 414 ui
809 389 883 428 que
903 390 1023 427 panes
1042 385 1081 417 et
1101 378 1224 417 duobs
1342 390 1479 417 omnes
1494 399 1503 408 ·
1549 378 1580 417 si
1600 378 1687 429 quis
1842 378 1919 417 duo
1939 379 2011 417 uiri
2030 379 2225 430 loqueban

309 439 398 478 dere
416 460 424 469 ·
440 460 448 469 ·
465 460 474 469 ·
505 438 590 477 ¹⁰Et
609 451 719 478 reuer
807 441 978 490 piscibus
997 442 1164 491 respexit
1342 440 1425 478 uult
1445 447 1534 491 post
1553 453 1615 479 me
1634 441 1724 480 ueni
1840 446 1900 479 tur
1920 453 2010 479 cum
2029 441 2094 480 illo
2111 463 2120 471 ·
2150 449 2258 480 erant

308 502 341 540 si
360 502 527 552 apostoli
548 515 618 540 nar
807 502 847 540 in
868 503 993 541 celum
1012 510 1050 542 et
1069 504 1235 542 benedix
1341 516 1382 541 re
1402 504 1568 554 abneget
1588 516 1628 543 se
1648 505 1735 555 ipsfi
1750 526 1758 534 ·
1841 509 1969 542 autem
1987 516 2141 554 moyses
2161 511 2198 543 et
2218 505 2265 543 he

290 571 486 603 trauerunt
504 565 557 602 1111
577 577 651 615 que
807 565 855 603 sit
875 577 989 615 super
1009 566 1095 604 illos
1115 573 1152 605 et
1172 567 1230 605 dis
1340 572 1378 604 et
1397 566 1545 605 sublata
1564 580 1677 606 cruce
1839 565 1909 605 lias
1951 565 1978 586 ⁸¹
1991 567 2063 605 uisi
2082 567 2122 604 in
2137 568 2297 606 maiesta

306 639 472 678 cumque
493 627 663 666 fecerunt
677 648 686 658 ·
805 627 934 665 tribuit
953 628 1149 679 discipulis
1342 640 1411 666 sua
1430 636 1608 679 sequatur
1626 643 1688 669 me
1704 651 1714 661 ·
1840 634 1877 666 te
1896 635 1934 667 et
1953 628 2132 668 dicebant
2150 642 2265 669 exces

304 687 356 728 Et
374 690 560 729 adsumtis
580 691 651 729 illis
805 695 846 727 ut
866 698 1054 740 ponerent
1074 698 1162 730 ante
1340 689 1368 711 ²⁴
1382 690 1461 738 Qui
1480 693 1584 729 enim
1603 693 1765 732 uoluerit
1841 703 1926 729 sum
1943 692 2024 730 eius
2067 705 2183 743 quem
2203 705 2280 732 con

304 753 462 791 secessit
476 757 608 792 seorsi'i
805 753 936 792 turbas
978 753 1006 774 ¹⁷
1018 760 1055 792 et
1069 755 1261 794 manduca
1341 754 1513 792 animam
1533 767 1643 793 suam
1662 756 1719 795 sal
1840 754 2008 804 pleturus
2027 761 2107 793 erat
2125 756 2165 793 in
2183 755 2223 793 hi

304 815 345 852 in
363 815 494 854 locum
513 815 665 854 deserti-1
679 837 687 846 -
805 822 941 854 uerunt
960 823 998 854 et
1021 818 1175 855 saturati
1338 828 1429 854 uam
1449 816 1572 855 facere
1591 830 1659 867 per
1838 817 2028 856 erusalem
2044 838 2053 848 ·
2085 816 2114 838 ²³²
2125 818 2259 857 Petrus

303 877 410 928 quod
428 884 485 916 est
503 879 652 917 bethsai
806 885 896 917 sunt
934 885 973 917 et
992 880 1141 918 sublati-1
1161 887 1240 919 est·
1340 879 1402 916 det
1421 879 1525 917 illam
1541 901 1550 910 ·
1591 880 1696 919 Nam
1838 891 1931 917 uero
1950 886 1987 917 et
2006 880 2072 930 qui
2092 893 2180 919 cum
2199 881 2264 919 illo

304 939 354 978 da
370 961 379 970 ·
407 939 435 961 ¹¹
449 941 555 992 quod
573 953 664 979 cum
683 953 760 992 cog
805 941 911 991 quod
931 943 1124 992 superauit
1142 944 1214 982 illis
1339 942 1405 992 qui
1425 942 1631 992 perdiderit
1836 948 1945 980 erant
1964 943 2113 991 grauati
2132 949 2269 982 somn⁰

302 1003 503 1042 nouissent
515 1005 646 1042 turbae
802 1003 1108 1054 fragmentorum
1128 1018 1176 1044 co
1338 1004 1508 1043 animam
1531 1017 1641 1044 suam
1837 1011 1875 1042 et
1894 1002 2095 1054 uigilantes
2142 1005 2230 1044 uide

302 1072 432 1104 secute
453 1073 541 1105 sunt
556 1066 621 1105 illfi
638 1087 646 1097 ·
803 1067 900 1105 finos
919 1067 1127 1107 duodecim
1143 1090 1209 1099 -—-
1338 1073 1495 1117 propter
1513 1080 1576 1106 me
1631 1068 1694 1108 hic
1837 1072 1926 1104 runt
1946 1068 2184 1106 maiestatem
2202 1068 2285 1107 eius

302 1133 341 1166 et
358 1129 502 1179 excepit
520 1129 605 1168 illos
619 1136 656 1168 et
675 1130 714 1169 lo
802 1128 886 1168 ¹⁸Et
899 1130 1041 1169 factum
1054 1138 1112 1169 est
1125 1144 1215 1170 cum
1226 1144 1266 1171 es
1338 1129 1486 1168 saluam
1507 1130 1618 1169 faciet
1638 1131 1664 1169 il
1836 1134 1874 1167 et
1893 1128 1992 1167 duos
2011 1130 2116 1168 uiros
2136 1131 2202 1181 qui
2223 1137 2280 1169 sta

303 1192 496 1242 quebatur
516 1192 587 1230 illis
604 1192 652 1231 de
802 1199 902 1231 esset
917 1205 1034 1232 orans
1053 1205 1159 1232 secre
1337 1191 1414 1230 lam
1428 1213 1437 1222 ·
1466 1190 1495 1213 25
1508 1192 1615 1239 Quid
1633 1195 1737 1232 enim
1836 1192 1929 1229 bant
1941 1205 2031 1231 cum
2044 1193 2126 1232 illo·
2150 1193 2229 1231 3³³Et
2241 1193 2301 1234 fac

300 1266 424 1304 regno
445 1255 484 1292 di
500 1275 508 1285 ·
556 1261 594 1293 et
612 1267 681 1294 eos
802 1261 862 1293 tae
879 1275 887 1284 ·
931 1262 1039 1294 erant
1058 1268 1146 1294 cum
1167 1257 1231 1295 illo
1336 1255 1488 1304 proficit
1507 1255 1628 1294 homo
1836 1260 1919 1292 tum
1934 1262 1991 1293 est
2010 1267 2100 1294 cum
2120 1256 2274 1295 discede

301 1317 368 1366 qui
387 1329 480 1355 cura
498 1317 628 1367 indige
802 1324 840 1356 et
859 1317 1038 1368 discipuli
1051 1339 1059 1348 ·
1089 1317 1140 1356 Et
1159 1319 1256 1358 inter
1337 1317 1369 1355 si
1391 1317 1555 1356 lucretur
1572 1319 1639 1356 uni
1821 1322 1919 1355 'rent
1939 1319 1988 1355 ab
2007 1317 2071 1356 illo
2089 1339 2097 1348 ·
2154 1319 2206 1356 ait
2225 1331 2274 1369 pe

300 1380 395 1418 bant
414 1380 576 1418 sanabat
590 1401 598 1410 ·
802 1380 955 1430 rogauit
978 1381 1062 1419 illos
1082 1380 1216 1420 dicens
1234 1404 1241 1412 ·
1335 1391 1490 1418 uersum
1508 1381 1656 1419 mundi-1
1836 1385 1915 1417 trus
1935 1380 1984 1418 ad
1999 1380 2080 1418 ihm
2093 1401 2102 1410 ·
2131 1394 2274 1433 precep

299 1440 328 1463 ¹²
339 1441 434 1481 Dies
453 1449 582 1481 autem
601 1455 722 1493 coepe
801 1455 918 1494 quem
936 1455 998 1481 me
1019 1443 1150 1483 dicunt
1169 1457 1210 1483 es
1337 1453 1376 1480 se
1397 1448 1524 1480 autem
1543 1442 1677 1493 perdat
1835 1447 1897 1480 tor
1915 1443 2064 1480 bonum
2082 1450 2139 1481 est
2158 1456 2232 1482 nos

298 1510 357 1542 rat
376 1505 567 1544 declinare
581 1526 589 1535 ·
619 1505 671 1543 Et
800 1517 840 1545 se
856 1507 987 1544 turbae
1004 1527 1012 1536 -
1042 1506 1124 1544 ¹⁹At
1143 1507 1194 1545 illi
1213 1521 1253 1546 re
1335 1511 1373 1542 et
1392 1504 1662 1543 detrimentum
1836 1503 1898 1543 hic
1917 1516 2000 1543 esse
2046 1505 2097 1543 Et
2116 1505 2301 1546 faciamus

298 1574 543 1606 accesserunt
563 1567 642 1606 duo
800 1568 1037 1618 sponderunt
1056 1576 1093 1607 et
1109 1569 1196 1609 dixe
1336 1567 1450 1606 faciat
1464 1588 1473 1597 ·
1502 1566 1530 1588 ²⁶
1542 1567 1647 1606 Nam
1666 1568 1733 1620 qui
1835 1568 2080 1606 tabernacula
2095 1569 2166 1606 tria
2182 1589 2191 1598 ·

298 1629 425 1668 decim
444 1630 620 1680 discipuli
639 1630 720 1668 eius
801 1637 890 1668 runt
907 1652 915 1661 ·
946 1630 1165 1670 Iohannem
1335 1642 1397 1668 me
1416 1631 1606 1669 erubuerit
1834 1630 1902 1667 tibi
1922 1642 2042 1668 unum
2060 1651 2068 1660 ·
2109 1630 2160 1668 Et
2178 1643 2300 1670 unum

297 1723 335 1755 et
351 1717 529 1756 dixerunt
541 1717 594 1755 illi
607 1738 616 1748 ·
655 1717 765 1756 dimit
800 1718 1009 1768 baptistam
1026 1739 1034 1749 ·
1075 1719 1138 1757 alii
1333 1723 1370 1755 et
1390 1729 1500 1756 meos
1519 1729 1718 1757 sermones
1834 1717 1982 1767 moysi·
2029 1723 2066 1756 et
2085 1730 2207 1757 unum

296 1786 332 1818 te
352 1780 504 1819 turbam
550 1787 591 1818 ut
610 1787 699 1818 eant
800 1787 928 1819 autem
947 1781 1088 1820 heliam
1102 1803 1111 1812 ·
1155 1782 1218 1820 alii
1333 1778 1437 1818 hunc
1457 1780 1554 1818 filius
1574 1780 1743 1820 hominis
1833 1779 1955 1817 heliae
2001 1781 2180 1819 nesciens

298 1843 401 1895 circa
420 1843 577 1881 castella
594 1849 632 1881 et
650 1842 703 1881 uil
798 1855 892 1882 uero
912 1845 1003 1895 quia
1021 1845 1172 1895 profeta
1332 1842 1543 1881 confundet
1563 1855 1653 1881 cum
1673 1855 1720 1882 ue
1833 1842 1927 1892 quid
1945 1842 2086 1881 diceret
2103 1864 2170 1873 ·-·

294 1903 352 1944 las
371 1911 409 1943 et
427 1905 602 1945 reficiant
621 1918 662 1944 se
796 1918 898 1945 unus
918 1907 965 1945 de
984 1907 1175 1957 prioribus
1331 1905 1430 1943 nerit
1450 1905 1489 1942 in
1509 1906 1707 1944 maiestate
1832 1903 1861 1925 ³4
1869 1903 1979 1943 Haec
1999 1911 2126 1944 autem
2146 1906 2210 1944 illo
2231 1906 2269 1945 lo

294 1974 337 2007 ut
355 1968 554 2006 inueniant
572 1980 680 2007 escas
695 1989 704 1999 ·
797 1970 960 2008 surrexit
976 1990 984 1999 ·
1025 1968 1054 1990 ²⁰
1067 1969 1176 2008 Dixit
1332 1980 1400 2006 sua
1418 1974 1456 2006 et
1474 1968 1593 2018 patris
1612 1974 1649 2006 et
1669 1973 1736 2008 sco
1832 1973 1973 2018 quente
2020 1967 2120 2006 facta
2138 1975 2196 2007 est

295 2030 387 2081 quia
405 2030 468 2069 hic
487 2030 527 2068 in
546 2031 636 2069 loco
651 2030 761 2069 deser
795 2038 924 2070 autem
944 2032 1015 2070 illis
1030 2053 1038 2062 ·
1079 2045 1151 2072 uos
1172 2045 1222 2072 au
1329 2042 1416 2068 rum
1436 2030 1667 2080 angelorum
1684 2051 1693 2061 ·
1714 2053 1769 2059 -—
1832 2030 1944 2067 nubis
1965 2035 2001 2067 et
2021 2030 2201 2069 inumbra

294 2098 335 2131 to
355 2105 489 2132 sumus
503 2114 512 2124 ·
549 2093 650 2132 18Α11
670 2097 758 2132 311ῐέ,-
794 2101 872 2132 16111
891 2107 1029 2145 queme
1049 2107 1133 2134 esse
1329 2090 1356 2114 ²⁷
1366 2092 1467 2131 Dico
1479 2099 1607 2131 autem
1619 2093 1729 2131 uobis
1748 2105 1796 2132 ue
1831 2092 1886 2129 uit
1905 2104 1973 2130 eos
1992 2098 2029 2130 et
2046 2092 2165 2131 timue

292 2155 344 2194 ad
362 2155 448 2194 illos
495 2155 582 2194 date
594 2156 666 2194 illis
685 2169 758 2196 uos
794 2156 917 2195 dicitis
931 2178 939 2187 ·
984 2157 1147 2207 Respon
1329 2155 1445 2206 aliqui
1458 2162 1544 2194 sunt
1552 2155 1613 2194 hic
1623 2161 1707 2194 stan
1740 2154 1796 2209 [re
1831 2160 1919 2192 runt
1939 2175 1948 2184 ·
1982 2154 2032 2192 Et
2051 2155 2205 2194 intranti

293 2218 526 2257 manducare
540 2240 549 2249 ·
593 2225 631 2257 at
650 2219 703 2257 illi
794 2219 890 2259 dens
910 2226 1039 2258 autem
1059 2221 1187 2259 simon
1328 2223 1385 2256 tes
1405 2219 1472 2269 qui
1491 2231 1572 2257 non
1592 2224 1704 2268 gusta
1831 2217 1903 2254 bus
1922 2217 1992 2255 illis
2013 2218 2053 2255 in
2072 2219 2174 2256 nube

291 2279 469 2320 dixerunt
514 2294 596 2320 non
616 2287 704 2320 sunt
794 2289 924 2333 petrus
944 2283 1038 2321 dixit
1054 2303 1063 2312 ·
1107 2286 1203 2332 xpm
1217 2303 1226 2313 ·
1329 2282 1425 2319 bunt
1444 2287 1611 2319 mortem
1635 2281 1686 2319 do
1830 2279 1859 2300 ⁸⁵
1872 2278 1964 2317 on
1983 2279 2083 2318 facta
2102 2286 2158 2318 est
2178 2280 2224 2318 de
2242 2292 2296 2319 nu

291 2342 332 2380 in
350 2344 466 2382 nobis
481 2344 568 2394 plus
584 2357 703 2396 quam
793 2345 831 2383 di
846 2366 855 2376 ·
884 2343 911 2366 ²¹
925 2352 964 2383 at
982 2345 1042 2383 1116
1062 2345 1168 2383 111616
1328 2355 1400 2381 1166
1411 2343 1694 2393 uideantregnfi
1703 2343 1819 2381 diue*
1831 2341 1878 2380 be
1899 2341 2030 2380 dicens
2076 2342 2138 2381 1116
2157 2348 2215 2380 631

289 2406 462 2456 quinque
480 2419 602 2456 panes
621 2413 659 2446 et
677 2407 730 2445 du
792 2420 891 2459 pans
910 2407 995 2446 illos
1015 2420 1128 2458 prece
1295 2404 1314 2426 *
1331 2404 1360 2427 ²⁸
1372 2406 1534 2445 Factum
1554 2412 1611 2444 est
1629 2411 1757 2444 autem
1831 2403 1930 2442 filius
1949 2416 2057 2442 meus
2077 2404 2176 2443 dilec

290 2478 337 2506 os
351 2468 477 2518 pisces
491 2489 499 2499 ·
534 2469 608 2507 nisi
623 2481 758 2508 eamus
793 2470 849 2520 pit
867 2482 915 2508 ne
935 2470 998 2508 cui
1018 2470 1114 2508 haec
1135 2469 1219 2511 dice
1296 2466 1315 2488 *
1331 2474 1421 2519 post
1441 2468 1535 2506 haec
1556 2469 1672 2506 uerba
1693 2488 1702 2498 ·
1830 2472 1890 2504 tus
1910 2467 2037 2516 ipsum
2056 2466 2181 2505 audite
2194 2487 2204 2497 ·

289 2535 327 2568 et
345 2542 520 2570 emamus
539 2532 576 2569 in
599 2536 718 2570 omne
792 2538 901 2570 rent·
919 2553 927 2562 ·
972 2530 1001 2552 22
1011 2531 1143 2570 (1166113
1327 2531 1404 2568 fere
1424 2537 1513 2580 post
1533 2530 1613 2568 dies
1633 2536 1723 2568 octo
1740 2550 1749 2560 ·
1830 2529 1858 2550 ⁸⁶
1872 2535 1909 2566 et
1929 2529 2020 2566 dum
2040 2529 2081 2566 fit
2100 2541 2178 2568 uox
2199 2529 2240 2567 in

290 2592 445 2630 turbam
464 2593 565 2631 hanc
585 2606 696 2633 escas
710 2615 719 2624 ·
793 2594 899 2644 quod
914 2599 1066 2644 oportet
1086 2594 1138 2631 fili
1327 2592 1378 2630 Et
1398 2592 1583 2630 adsumsit
1603 2599 1752 2642 petrum
1830 2597 1967 2630 uentus
1986 2598 2043 2630 est
2063 2591 2121 2629 ihs
2141 2604 2186 2630 so

291 2654 319 2675 ¹⁴
330 2654 450 2693 Erant
461 2656 565 2693 enirn
577 2657 649 2694 uiri
664 2657 757 2707 quin
791 2669 858 2694 um
871 2656 1038 2694 hominis
1058 2655 1139 2693 mul
1327 2654 1599 2693 etiohannem·
1612 2654 1795 2693 etiacobfi
1829 2653 1887 2691 lus
1934 2659 1971 2691 et
1991 2654 2064 2704 ipsi
2083 2660 2194 2693 tacue

289 2729 364 2768 que
376 2717 482 2755 milia
495 2738 504 2747 ·
535 2718 586 2757 ait
598 2722 684 2757 aute
698 2719 756 2757 ihs
790 2724 829 2756 ta
848 2719 927 2768 pati
946 2724 983 2756 et
1001 2718 1166 2767 reproba
1327 2723 1364 2755 et
1384 2717 1555 2755 ascendit
1575 2717 1615 2754 in
1635 2728 1730 2755 mon
1829 2722 1917 2753 runt
1962 2722 2000 2754 et
2019 2716 2164 2754 nemini

289 2779 340 2817 ad
359 2779 571 2830 discipulos
592 2792 683 2819 suos
790 2781 821 2818 ri
841 2793 864 2818 a
883 2780 1124 2831 principibus
1327 2785 1406 2817 tem
1425 2785 1466 2817 ut
1485 2785 1611 2817 oraret
1625 2800 1633 2809 ·
1663 2777 1748 2818 2⁹Et
1828 2778 1923 2816 nihil
1943 2778 2121 2817 dixerunt
2146 2779 2186 2816 111

289 2841 403 2880 facite
423 2842 507 2880 illos
526 2842 678 2880 discum
789 2842 1033 2882 sacerdotum
1051 2848 1088 2880 et
1108 2854 1148 2881 se
1327 2842 1420 2880 dum
1440 2848 1524 2880 orat
1570 2841 1672 2880 facta
1694 2848 1752 2881 est
1827 2840 1901 2879 illis
1920 2840 2054 2879 diebus
2072 2853 2120 2879 ex
2141 2840 2200 2878 his

288 2904 377 2943 bere
396 2917 465 2955 per
484 2905 666 2943 conuiuia
790 2905 964 2944 nioribus
983 2910 1020 2942 et
1041 2904 1116 2943 scri
1326 2909 1480 2954 spectus
1499 2909 1676 2954 aspectus
1828 2916 1902 2954 que
1922 2903 2097 2942 uiderant
2113 2924 2122 2933 ·

286 2967 584 3019 quinquagenos
606 2966 693 3006 1‘⁵Et
704 2968 756 3007 ita
789 2967 849 3006 bis
861 2987 870 2997 ·
899 2973 937 3005 et
951 2967 1094 3006 occidi·
1114 2972 1151 3004 et
1161 2973 1242 3017 post
1326 2967 1408 3005 eius
1429 2966 1546 3005 altera
1562 2987 1571 2996 ·
1614 2972 1653 3005 et
1672 2978 1740 3005 ues
1827 2966 1856 2988 ⁸⁷
1869 2967 2032 3005 Factum
2050 2972 2107 3005 est
2127 2972 2255 3005 autem

285 3029 458 3068 fecerunt
480 3035 518 3068 et
538 3030 700 3069 discubu
789 3036 865 3069 tres
884 3030 965 3069 dies
983 3042 1178 3080 resurgere
1325 3029 1416 3068 titus
1435 3029 1517 3068 eius
1539 3028 1725 3068 candidus
1829 3030 2003 3081 sequenti
2023 3029 2084 3068 die

561 3098 672 3130 erunt
