2872 3268
553 196 634 237 126

353 313 437 346 13'01·
453 314 533 345 182·
550 311 684 350 talium
704 318 762 350 est
781 311 885 349 enim

549 386 717 424 regnum
737 374 776 412 di

549 436 578 460 ¹⁶
590 438 720 476 Amen
741 437 829 475 dico
848 437 963 475 uobis

550 500 787 550 quicumque
807 511 888 538 non

549 562 736 612 receperit
755 574 824 612 reg

551 637 646 663 num
665 624 704 663 di
723 624 822 663 sicut
842 636 895 674 pu

549 700 590 726 er
610 699 691 725 non
712 687 866 725 intrabit

548 750 587 788 in
607 749 701 787 illud
717 770 726 780 ·
770 749 797 770 ¹⁶
812 749 864 787 Et
884 761 962 788 con

547 823 695 851 uocans
715 823 783 850 eos
802 812 842 849 in

549 875 722 925 ponebat
740 885 880 912 manus

548 949 662 987 super
679 936 764 975 illos
783 942 822 974 et

547 999 802 1037 benedicebat
820 1010 890 1037 eos
906 1019 916 1028 ·

550 1061 579 1083 ¹⁷
590 1061 642 1099 Et
662 1073 753 1100 011111
773 1060 943 1110 procede

548 1131 605 1162 ret
624 1123 663 1161 in
683 1124 746 1161 uia
766 1135 883 1162 occur

547 1199 636 1225 rens
655 1198 756 1224 unus
775 1185 826 1225 ad
846 1198 896 1236 ge

548 1261 668 1288 nuam
689 1249 770 1287 eius
793 1260 835 1288 se
936 1242 938 1244 ’

547 1311 710 1351 1101110113
730 1323 827 1361 roga

547 1375 614 1413 bat
633 1374 766 1412 dicens
779 1394 789 1403 ·

545 1437 729 1487 magister
748 1436 852 1475 bone

545 1499 639 1550 quid
657 1498 798 1538 faciam
811 1504 854 1536 ut

545 1563 666 1601 uitam
684 1568 883 1602 aeternam

547 1649 771 1702 possideam
789 1670 797 1679 ·
814 1669 869 1677 -

549 1713 576 1734 ¹⁸
590 1712 656 1753 Ihs
676 1718 807 1750 autem
826 1710 921 1751 dixit

547 1775 599 1813 illi
654 1774 747 1825 quid
766 1786 829 1812 me
850 1774 889 1813 di
937 1788 940 1791 ·

549 1838 604 1876 cis
623 1838 772 1877 bonum
811 1849 862 1877 ne

547 1912 614 1939 mo
634 1901 762 1939 bonus
816 1899 890 1938 nisi

547 1975 647 2001 unus
667 1962 712 2001 ds
726 1984 735 1993 ·
783 1961 812 1983 ¹⁹
824 1974 894 2013 pre

548 2032 661 2076 cepta
675 2025 777 2063 nosti
791 2045 800 2055 ·

548 2100 598 2127 ne
619 2087 852 2126 adulterabis
866 2107 874 2117 ·

548 2163 598 2190 ne
618 2151 777 2190 occidas

548 2226 599 2252 ne
618 2213 756 2253 fureris

547 2289 597 2315 ne
618 2276 756 2315 falsum
773 2274 928 2314 testimo

549 2339 659 2377 nium
678 2338 818 2376 dixeris
834 2358 843 2368 ·

552 2413 601 2439 ne
622 2401 755 2439 fraude
777 2400 915 2439 feceris
933 2420 942 2431 ·

555 2462 723 2502 Honora
740 2470 891 2513 patrem

553 2531 590 2563 et
609 2532 772 2564 matrem
786 2547 795 2555 ·
810 2548 838 2555 -

553 2585 583 2607 ²⁰
594 2588 647 2625 At
665 2588 727 2626 ille
747 2599 891 2638 respon

553 2648 649 2687 dens
668 2650 762 2688 dixit
781 2662 846 2689 ma

553 2711 669 2760 gister
687 2712 817 2750 omnia

554 2772 627 2810 hec
647 2774 851 2812 obseruaui

553 2846 577 2871 a
596 2834 789 2874 iuuentute
809 2848 897 2874 mea

553 2893 580 2916 ²¹
593 2895 659 2934 1113
679 2902 805 2935 autem
824 2898 925 2947 respi

1055 311 1161 350 ciens
1180 323 1269 350 eum
1289 323 1334 350 os

1055 374 1203 412 culatus
1222 380 1279 412 est
1299 373 1324 411 il

1053 435 1134 474 lum
1151 458 1158 466 ·
1203 442 1242 474 et
1261 435 1355 474 dixit
1375 436 1411 475 ei

1052 510 1174 536 unum
1194 498 1261 536 tibi
1281 497 1330 537 de

1053 567 1111 600 est
1127 582 1135 591 ·
1179 560 1292 600 Uade
1312 573 1410 612 quae

1053 635 1222 674 cumque
1236 623 1357 662 habes

1051 686 1178 724 uende
1234 692 1272 725 et
1291 685 1341 725 da
1359 697 1436 736 pau

1051 748 1206 798 peribus
1221 768 1230 777 ·
1296 748 1347 786 Et
1366 748 1465 787 habe

1052 810 1110 848 bis
1130 810 1339 849 thensauri-1

1052 873 1092 910 in
1112 873 1220 911 caelo
1240 879 1277 912 et
1295 873 1387 911 ueni

1052 946 1213 985 sequere
1232 947 1296 974 me
1316 935 1371 974 tol

1053 996 1136 1035 lens
1156 1009 1313 1037 crucem
1327 1018 1336 1027 ·
1358 1019 1384 1026 -

1052 1057 1081 1079 ²²
1091 1059 1144 1097 At
1162 1059 1224 1098 ille
1245 1060 1388 1099 contris

1052 1127 1153 1161 tatus
1173 1128 1231 1161 est
1250 1122 1290 1162 in
1310 1122 1386 1162 hoe

1051 1185 1169 1223 uerbo
1223 1190 1262 1223 et
1281 1185 1374 1224 abiit

1052 1247 1171 1286 tristis
1188 1268 1197 1278 ·
1236 1247 1338 1286 habe

1052 1310 1120 1348 bat
1139 1315 1268 1349 autem
1288 1309 1366 1349 diui

1052 1372 1124 1411 tias
1146 1372 1287 1425 multas
1300 1393 1341 1403 ·-

1051 1432 1080 1456 ²³
1092 1434 1142 1473 Et
1162 1427 1431 1486 cire'i'icumspi

1051 1497 1161 1536 ciens
1180 1497 1239 1537 ihs
1253 1518 1262 1529 ·
1320 1497 1417 1537 dixit

1051 1560 1250 1611 discipulis
1280 1560 1358 1599 suis

1053 1659 1172 1698 quam
1192 1647 1344 1687 difficile

1053 1710 1119 1760 qui
1139 1710 1292 1748 diuitias
1312 1710 1459 1749 habent

1052 1773 1093 1811 in
1112 1784 1277 1823 regnum
1297 1772 1336 1811 di
1355 1773 1395 1810 in

1051 1836 1207 1874 trabunt
1223 1856 1232 1866 ·
1281 1833 1310 1857 ⁹⁴
1322 1835 1419 1874 disci

1053 1898 1133 1949 puli
1153 1904 1283 1937 autem
1303 1898 1386 1937 eius

1053 1961 1250 2012 pauebant
1269 1961 1309 1999 in
1327 1973 1396 1999 uer

1053 2023 1113 2061 bis
1133 2023 1213 2061 eius
1227 2043 1236 2054 ·
1283 2029 1322 2062 at
1341 2023 1400 2063 ihs

1053 2097 1182 2124 rursus
1202 2086 1253 2124 ait
1276 2086 1349 2124 illis

1054 2148 1140 2188 Filii
1196 2160 1316 2198 quam
1335 2148 1450 2188 diffici

1054 2210 1090 2249 le
1110 2216 1168 2249 est
1187 2211 1342 2250 cofiden

1052 2278 1111 2311 tes
1129 2273 1169 2310 in
1189 2273 1365 2324 pecuniis

1054 2348 1218 2386 regnum
1238 2335 1276 2373 di
1295 2336 1335 2374 in

1054 2399 1170 2437 troire
1187 2419 1195 2428 ·
1245 2396 1273 2419 ²⁵
1286 2398 1385 2438 facili

1055 2473 1100 2500 us
1121 2467 1179 2500 est
1198 2467 1330 2500 autem
1349 2473 1396 2500 ca

1054 2524 1201 2563 melum
1220 2536 1289 2575 per
1307 2523 1348 2563 fo

1053 2599 1190 2626 ramen
1212 2599 1305 2626 acus

1054 2650 1214 2688 transire
1228 2670 1237 2680 ·
1281 2661 1399 2700 quam

1054 2712 1212 2751 diuitem
1232 2712 1272 2750 in
1290 2725 1360 2763 reg

1055 2787 1149 2812 num
1170 2775 1209 2813 (11
1227 2775 1380 2815 introire

1053 2838 1082 2860 ²⁶
1094 2837 1148 2875 At
1167 2837 1218 2875 illi
1237 2838 1363 2888 magis
1382 2838 1486 2877 admi

1054 2900 1236 2938 rabantur
1282 2901 1396 2940 dicen

1495 196 1657 238 SEC··

1592 316 1650 349 tes
1670 309 1720 348 ad
1740 315 1863 348 semet
1881 310 1922 360 ip

1593 384 1658 411 sos
1672 393 1680 402 ·
1732 377 1770 410 et
1789 371 1876 422 quis
1897 384 1951 422 po

1592 442 1666 473 test
1686 434 1816 473 saluos
1836 434 1917 473 fieri
1938 455 1947 465 -

1591 496 1619 518 ²⁷
1631 497 1682 535 Et
1701 498 1855 535 intuens
1872 497 1959 536 illos

1592 559 1651 598 ihs
1670 560 1765 597 dixit
1786 581 1795 590 ·
1827 559 1933 610 apud
1951 558 2004 599 ho

1591 622 1716 661 mines
1736 623 1894 673 quidem

1591 685 1814 736 inpossibile
1840 692 1899 724 est

1591 747 1660 787 sed
1680 760 1760 787 non
1780 748 1885 799 apud
1903 747 1969 786 dm
1984 768 1994 779 ·

1593 809 1738 849 Omnia
1758 812 1864 850 enim
1883 823 1957 861 pos

1592 873 1716 912 sibilia
1735 879 1823 912 sunt
1842 873 1946 924 apud

1591 935 1659 974 dr‘n
1675 956 1708 966 ··
1724 957 1732 966 ·
1767 934 1859 975 28Ε1
1879 948 1950 975 coe

1592 997 1648 1049 pit

1767 1066 1897 1111 petrus

1592 1122 1717 1162 dicere
1738 1123 1812 1161 1111·
1861 1135 1955 1162 ecce

1592 1197 1664 1224 nos
1683 1186 1906 1236 reliquimus

1592 1248 1725 1286 omnia
1748 1255 1786 1286 et
1805 1260 1897 1287 secu

1592 1310 1619 1348 ti
1639 1322 1773 1349 sumus
1791 1316 1829 1348 te
1846 1331 1854 1340 ·

1592 1371 1620 1394 ²⁹
1633 1372 1895 1423 Respondens
1915 1385 1965 1412 au

1590 1442 1670 1473 tem
1689 1435 1748 1473 ihs
1767 1435 1862 1473 dixit

1591 1498 1721 1535 Amen
1741 1497 1828 1537 dico
1846 1498 1961 1537 uobis

1592 1572 1711 1599 nemo
1730 1567 1787 1599 est
1806 1561 1874 1611 qui
1892 1573 1934 1600 re

1592 1648 1730 1700 linquit
1749 1647 1913 1688 domum
1929 1668 1939 1679 ·

1593 1717 1658 1749 aut
1677 1710 1810 1749 fratres
1831 1731 1840 1742 ·

1594 1779 1658 1811 aut
1679 1785 1831 1812 sorores
1852 1795 1861 1804 ·
1886 1795 1894 1804 ·

1594 1842 1658 1875 aut
1677 1842 1842 1876 matrem

1594 1906 1659 1937 aut
1678 1905 1828 1950 patrem

1593 1969 1660 2001 aut
1678 1974 1839 2001 uxorem
1860 1983 1869 1992 ·

1594 2030 1658 2063 aut
1677 2024 1778 2063 filios

1594 2093 1660 2126 aut
1678 2100 1792 2138 agros
1812 2099 1911 2139 prop

1593 2156 1650 2189 ter
1669 2162 1732 2189 me
1770 2157 1807 2189 et
1825 2162 1925 2202 prop

1593 2219 1650 2251 ter
1668 2213 1916 2263 euangelium

1592 2275 1622 2296 ⁸⁰
1634 2275 1700 2326 qui
1718 2287 1801 2314 non
1820 2274 1982 2326 accipiet

1595 2338 1768 2376 centiens
1787 2342 1897 2376 tanti-1

1594 2400 1634 2438 in
1658 2400 1735 2439 hoc
1754 2406 1929 2451 tempore

1595 2462 1735 2501 domos
1794 2469 1860 2501 aut
1878 2462 1937 2501 fra

1594 2531 1669 2564 tres
1690 2546 1700 2555 ·
1757 2530 1823 2563 aut

1595 2599 1746 2627 sorores
1767 2608 1777 2618 ·
1835 2594 1901 2626 aut
1920 2599 1986 2627 ma

1593 2657 1691 2689 trem
1705 2671 1714 2680 ·
1746 2656 1784 2688 et
1798 2650 1899 2690 filios

1595 2719 1633 2753 et
1651 2725 1766 2763 agros
1785 2719 1875 2764 post
1893 2724 1963 2764 per

1595 2775 1859 2814 secutionibus
1876 2796 1885 2806 ·

1593 2844 1631 2877 et
1650 2838 1691 2876 in
1709 2844 1860 2876 uenturo
1879 2837 2036 2877 saeculo

1593 2901 1714 2940 uitam
1735 2907 1931 2940 aeternam

2352 202 2414 245 [X·
2436 214 2562 250 14-35·

2094 308 2121 330 ³¹
2136 307 2252 348 Multi
2272 316 2400 350 autem

2094 378 2207 411 erunt
2226 372 2340 423 primi
2359 385 2414 413 no
2442 390 2453 399 ⁷·

2093 434 2240 473 nissimi
2283 435 2336 475 Et
2354 436 2468 476 nouis
2502 441 2505 444 ’

2094 497 2180 534 311111
2205 497 2317 547 primi
2334 518 2343 528 ·
2361 518 2370 528 ·

2060 556 2080 579 *
2095 559 2124 581 ⁸²
2135 559 2250 598 Erant
2269 567 2400 604 autem
2418 561 2459 600 in
2478 561 2541 600 uia

2061 620 2080 642 *
2093 622 2345 662 ascendentes

2060 686 2081 709 *
2095 684 2358 737 hierosolyma
2371 707 2380 717 ·

2063 746 2082 768 *
2095 747 2146 786 Ε1
2165 748 2424 798 praecedebat

2063 808 2082 831 *
2097 810 2183 849 11103
2202 811 2262 849 ihs
2308 817 2347 850 et
2365 824 2418 862 pa

2093 874 2239 913 uebant
2253 894 2262 905 ·
2311 879 2350 913 et
2368 886 2410 914 se

2093 941 2258 986 quentes
2277 937 2370 975 time

2093 999 2209 1036 bant·
2227 1019 2236 1029 ·
2256 1019 2265 1029 ·
2313 998 2366 1038 Et
2384 998 2481 1043 adsu

2094 1072 2206 1099 mens
2226 1060 2366 1100 iterum

2093 1122 2300 1162 duodecim
2316 1143 2326 1154 ·
2374 1135 2446 1164 coe

2094 1184 2151 1235 pit
2170 1184 2244 1223 illis
2264 1185 2349 1224 dice

2094 1259 2135 1285 re
2182 1260 2282 1298 quae
2301 1248 2337 1287 ei
2357 1260 2399 1287 es

2095 1315 2180 1348 sent
2197 1316 2360 1349 uentura

2095 1372 2124 1394 ³⁸
2136 1371 2241 1419 Quia
2260 1383 2350 1411 ecce
2370 1384 2490 1415 ascen

2096 1434 2224 1473 dimus
2246 1434 2402 1474 hieroso

2095 1497 2199 1548 lyma
2212 1518 2222 1528 ·
2270 1503 2308 1536 et
2327 1497 2428 1538 filius

2095 1559 2265 1599 hominis
2292 1565 2350 1598 tra

2096 1646 2206 1686 detur
2225 1646 2390 1699 pn‘ncipi

2095 1710 2169 1748 bus
2196 1709 2401 1751 sacerdoti-1

2095 1778 2133 1811 et
2153 1772 2286 1811 scribis
2330 1771 2384 1811 Et

2096 1834 2417 1874 condemnabunt

2095 1909 2186 1936 eum
2204 1897 2319 1935 morti
2333 1917 2341 1927 ·
2357 1919 2413 1926 -

2095 1958 2146 1997 Et
2164 1958 2317 1998 tradent
2336 1971 2428 1998 eum

2095 2022 2276 2073 gentibus
2319 2021 2347 2043 ⁸⁴
2362 2021 2414 2061 Et
2434 2022 2474 2065 in

2096 2084 2228 2123 ludent
2247 2096 2338 2123 eum
2353 2105 2362 2115 ·

2097 2153 2135 2186 et
2154 2153 2376 2198 conspuent

2096 2221 2187 2248 eum
2227 2209 2279 2247 Et
2297 2209 2350 2248 fla

2095 2271 2293 2322 gellabunt
2311 2275 2361 2309 01“1

2259 2332 2311 2371 Ε1
2333 2345 2400 2373 cru

2097 2396 2256 2447 cifigent

2098 2471 2189 2499 eum
2205 2479 2214 2489 ·
2261 2459 2313 2498 Et
2331 2465 2423 2511 post

2097 2522 2253 2561 tertium
2274 2520 2379 2561 diem

2097 2590 2273 2634 resurget
2287 2605 2296 2615 ·

2097 2647 2127 2668 ³⁶
2138 2647 2188 2686 Et
2207 2652 2456 2686 accesserunt

2097 2710 2148 2749 ad
2166 2722 2256 2748 eum
2275 2710 2415 2749 iacobo

2097 2774 2170 2811 bus
2190 2778 2227 2812 et
2246 2773 2438 2811 iohannes

2098 2836 2150 2874 fili
2169 2835 2325 2874 zebedei
2345 2835 2383 2874 di

2097 2905 2229 2938 centes
2242 2919 2252 2930 ·
2299 2897 2424 2949 magis

2579 314 2662 356 1¹01,
2677 314 2758 356 198.

2865 327 2872 372 i
