2872 3268
212 223 217 227 ⁴
284 226 471 267 V-47-V1-
491 223 560 268 27.]
1131 211 1446 260 IOHANNE'·

2233 233 2289 275 49

1821 338 1898 377 post
1910 334 2097 368 ascensione
2119 335 2176 367 (11·11
2191 336 2242 369 100

1821 386 1870 418 110
1885 387 2048 428 euangelii
2084 387 2226 420 iohanen

1821 437 1877 469 die
1892 438 2156 472 domeneeorum.

1794 488 1848 515 *²²
1861 491 2020 530 Postera
2040 492 2102 530 die
2122 499 2183 530 tur

1795 554 1895 592 *bae
1915 567 2016 604 quae
2036 561 2146 593 erant

1793 616 1923 655 *trans
1942 630 2048 656 mare
2067 618 2159 657 uide

1793 679 1906 718 *runt
1925 680 2015 730 quia
2035 681 2110 719 alia
2129 693 2182 720 na

73 343 157 376 1¹01.
172 343 252 379 217.
2321 344 2402 377 1¹01.
2419 344 2500 379 2184

1322 493 1429 532 uenit
1449 493 1488 531 in
1508 494 1612 532 hunc
1632 505 1728 532 mun

1323 555 1417 594 dum
1432 576 1441 586 ·
1482 554 1511 577 ¹⁶
1523 556 1590 594 Ihs
1610 560 1697 594 31110

1323 618 1450 656 5010115
1470 619 1560 669 quia
1578 631 1655 657 uen

1323 681 1396 718 turi
1417 688 1528 719 erant
1546 693 1640 732 rape

281 493 411 533 uerbis
436 493 535 533 meis

338 556 501 594 credetis
518 578 525 587 ·
541 579 597 586 —-
609 579 617 587 -
632 575 641 584 ·

257 616 324 657 *6.
352 615 473 658 1Post
493 619 590 659 haec
610 620 704 659 abiit

256 679 343 719 *ihs
363 687 470 720 trans
489 695 598 722 mare

786 506 886 533 unus
904 494 968 533 hic
988 495 1054 546 qui
1073 495 1123 533 ha

786 557 852 595 bet
871 557 1043 608 quinque
1062 569 1185 608 panes

787 619 982 658 ordiacios
1000 627 1038 658 et
1058 620 1158 659 duos

785 680 993 731 pisciculos
1038 682 1117 721 Sed

256 742 446 793 *galileae
465 745 575 784 tiberi

255 804 366 845 *adis
381 827 390 837 ·
434 807 505 846 2Ε1
524 820 669 858 sequae

278 868 393 907 batur
411 882 501 908 eum
521 872 633 909 turba

279 943 426 981 magna
441 953 451 962 ·
499 937 594 984 qsrm
613 933 654 971 ui

279 993 425 1033 debant
443 995 555 1045 signa
573 1008 649 1046 que

277 1055 444 1095 faciebat
464 1069 578 1108 super

277 1119 454 1158 infirmos
471 1141 480 1151 ·
519 1120 678 1160 ⁸Ascen

279 1181 336 1222 dit
355 1188 484 1222 autem
505 1184 545 1221 111
564 1196 661 1222 111011

278 1251 358 1283 10111
378 1245 438 1284 ihs
455 1266 464 1276 ·
505 1253 543 1284 et
562 1247 602 1284 bi
622 1247 716 1286 sede

278 1307 345 1346 bat
365 1320 455 1346 cum
474 1308 672 1359 discipulis

279 1370 359 1409 suis
374 1391 384 1401 ·
427 1371 442 1392 ⁴
453 1370 547 1409 Erat
566 1375 654 1410 aute

278 1433 321 1470 in
340 1434 526 1485 proximo*
539 1433 688 1483 pascha

280 1495 364 1534 dies
382 1495 502 1534 festus
521 1496 663 1535 iudaeo

278 1570 366 1596 rum
383 1579 392 1588 ·
408 1580 415 1589 -
432 1580 440 1589 ·
471 1557 485 1579 ¹⁵
497 1557 670 1598 Eleuatis

279 1621 395 1671 igitur
414 1621 539 1660 oculis
558 1621 629 1659 1115·

281 1682 385 1722 Cum
403 1684 564 1722 uidisset
582 1687 679 1734 qfim

278 1770 400 1809 multa
418 1772 531 1810 turba
549 1772 656 1810 uenit

279 1833 331 1872 ad
350 1845 441 1871 eum
455 1854 463 1863 ·
479 1855 487 1863 ·
524 1834 621 1872 dixit
640 1833 692 1873 ad

278 1896 454 1947 filippum
471 1916 480 1926 ·
521 1896 627 1935 unde

278 1971 455 1998 ememus
472 1970 594 2009 panes
613 1965 656 1998 ut

245 2043 250 2047 -
278 2021 516 2060 manducent
535 2021 597 2060 isti
612 2042 621 2052 ·

278 2083 293 2105 ⁶
305 2083 398 2123 Hoc
417 2090 546 2122 autem
566 2083 719 2123 dicebat

277 2153 447 2186 temtans
467 2159 556 2185 eum
573 2167 582 2177 ·
623 2146 715 2197 Ipse

275 2210 381 2248 enim
402 2210 548 2248 sciebat
566 2208 658 2259 quid

276 2278 379 2311 esset
397 2271 567 2311 facturus

275 2334 290 2356 ⁷
303 2334 524 2386 Respondit
542 2334 593 2373 illi
614 2334 694 2385 filip

275 2409 352 2447 pus
407 2397 624 2436 ducentorn

277 2459 525 2498 denariorum
544 2471 595 2509 pa

277 2532 349 2559 nes
367 2532 449 2559 non
470 2521 661 2560 sufficiunt

277 2582 334 2621 eis
388 2589 431 2620 ut
448 2584 636 2633 unusquis

277 2656 355 2696 que
374 2645 573 2683 modicum
592 2645 677 2684 acci

276 2707 359 2757 piat
375 2727 384 2736 ·
422 2705 541 2744 8dicit
559 2707 612 2744 illi

277 2779 377 2807 unus
396 2781 444 2806 ex
465 2768 615 2818 discipu

277 2831 324 2870 lis
340 2831 419 2870 suis
473 2830 638 2869 andreas

276 2893 393 2932 frater
412 2893 572 2931 simonis

276 2955 396 3005 petri·
441 2955 455 2976 ⁹
469 2955 540 2993 Est
561 2966 658 3006 puer

786 743 882 782 haec
902 744 994 794 quid
1010 751 1099 783 sunt
1117 745 1158 783 in

785 806 901 844 tantis
918 827 927 836 ·
965 805 994 827 ¹⁰
1007 806 1116 845 Dixit
1134 819 1184 845 au

784 874 864 906 tem
884 869 944 907 ihs
963 869 1078 908 facite
1098 869 1151 908 ho

783 930 909 969 mines
932 931 1133 970 discumbe

782 1004 823 1030 re
839 1013 847 1022 ·
889 992 983 1032 Erat
1002 1001 1131 1033 autem

784 1054 916 1093 fenum
935 1056 1099 1095 multum

785 1117 825 1155 in
845 1118 909 1156 illo
929 1118 1018 1157 loco
1035 1140 1044 1149 ·
1085 1119 1136 1157 Et
1154 1132 1196 1159 re

785 1181 998 1219 cubuerunt
1017 1182 1088 1219 uiri
1104 1203 1113 1212 ·

784 1243 893 1292 quasi
913 1244 1055 1294 quinqs
1073 1245 1178 1283 milia

783 1304 812 1326 11
824 1305 991 1356 Accepit
1011 1306 1141 1357 itaque
1162 1319 1213 1357 pa

783 1380 853 1406 nes
874 1368 932 1406 ihs
948 1389 957 1398 ·
1001 1375 1038 1406 et
1058 1370 1158 1408 bene

783 1430 880 1469 dixit
918 1437 955 1469 et
975 1431 1081 1470 dedit
1099 1444 1141 1470 re

781 1494 1053 1532 cumbentibus
1067 1515 1075 1524 ·
1088 1517 1143 1524 -

783 1555 962 1594 Similiter
981 1563 1019 1594 et
1039 1556 1086 1594 de
1106 1556 1168 1606 pis

782 1618 891 1656 cibus
947 1625 1135 1668 quantum

781 1680 986 1719 uoluerunt
1002 1701 1011 1710 ·

780 1766 809 1788 ¹²
822 1767 924 1806 Cum
943 1774 1073 1807 autem
1093 1775 1220 1808 satura

781 1831 808 1868 ti
828 1837 957 1869 essent
973 1852 982 1860 ·
1024 1831 1116 1869 dicit

781 1892 1019 1932 discentibus
1036 1894 1113 1932 suis
1127 1914 1135 1923 ·

781 1956 949 2006 colligite
969 1969 1068 2006 quae
1089 1969 1133 1994 su

779 2025 1008 2069 perauerunt
1028 2018 1111 2069 frag

779 2087 1001 2120 mentorum
1055 2087 1097 2119 ut
1117 2081 1157 2119 ni

779 2143 833 2181 nil
853 2150 984 2193 pereat
1001 2164 1009 2174 ·
1039 2142 1067 2164 ¹⁸
1082 2143 1192 2182 Colle

779 2212 919 2256 gerunt
938 2219 1033 2256 ergo
1053 2213 1091 2244 et
1110 2207 1164 2244 im

777 2269 980 2319 pleuerunt
998 2267 1128 2307 duode

778 2332 856 2370 01111
875 2332 1026 2370 cofinos
1043 2331 1127 2381 frag

778 2400 1000 2432 mentorum
1020 2394 1068 2432 de
1088 2394 1183 2444 quin

779 2469 855 2507 que
875 2457 1044 2507 panibus
1063 2457 1174 2495 ordia

780 2519 851 2557 ciis
868 2539 877 2548 ·
921 2531 998 2568 que
1018 2530 1160 2568 supera

779 2587 915 2619 uerant
935 2581 992 2618 eis
1012 2581 1079 2631 qui
1098 2593 1191 2619 man

779 2643 1022 2682 ducauerant
1039 2664 1046 2672 ·
1063 2664 1119 2670 —

779 2703 809 2726 ¹4
821 2705 1015 2744 Homines
1033 2716 1127 2742 uero
1143 2717 1231 2742 cum

779 2767 968 2805 uidissent
1013 2766 1118 2816 quod

728 2872 730 2875 ¹
781 2828 870 2867 fecit
889 2829 1045 2878 signum
1064 2828 1123 2867 ihs
1139 2849 1148 2858 ·

779 2891 961 2929 dicebant
979 2891 1040 2928 hic
1061 2897 1120 2928 est

778 2965 869 2992 uere
888 2953 1039 3004 profeta
1058 2952 1123 3003 qui

1322 755 1364 781 re
1383 742 1491 781 illum
1538 750 1576 782 et
1596 743 1681 782 face

1321 817 1362 843 re
1382 818 1515 856 regem
1532 827 1540 836 ·
1584 806 1704 846 Seces

1322 868 1369 906 sit
1389 868 1526 906 iterum
1545 869 1586 906 in
1605 881 1700 907 mon

1793 742 1879 780 *uis
1899 742 1974 781 illic
1995 755 2077 782 non
2097 743 2167 782 fuit

1820 805 1895 844 nisi
1915 818 1994 844 una
2011 827 2020 836 ·
2063 813 2102 845 et
2121 811 2216 858 qsim

1820 879 1902 906 non
1921 868 2034 907 simul
2054 882 2143 908 cum
2162 870 2221 909 dis

1321 936 1358 968 10
1378 931 1456 980 ipse
1476 931 1579 970 solus
1595 952 1605 961 ·
1645 931 1673 952 ¹⁶
1685 931 1787 971 Cum
1821 930 1956 980 cipulis
1976 932 2054 970 suis
2074 932 2174 971 intro

1322 999 1451 1031 autem
1470 1005 1556 1032 sero
1575 993 1677 1033 facti-1

1320 1062 1422 1094 esset
1435 1076 1444 1086 ·
1483 1055 1692 1095 Descende

1320 1124 1409 1155 runt
1429 1118 1607 1168 discipuli
1627 1120 1709 1159 eius

1320 1181 1371 1219 ad
1390 1193 1495 1219 mare
1509 1202 1517 1211 ·
1548 1181 1576 1203 ²⁷
1588 1182 1640 1220 Et
1659 1194 1751 1221 cum

1321 1243 1589 1282 ascendissent
1608 1245 1648 1282 in

1319 1306 1541 1344 nauiculam
1560 1307 1668 1345 ibant

1318 1367 1563 1407 transfretare
1583 1369 1623 1406 in

1320 1442 1559 1479 capernaum
1573 1452 1581 1461 ·
1624 1430 1674 1469 Et
1693 1437 1731 1470 te

1318 1494 1463 1531 nebrae
1482 1493 1560 1531 iam
1580 1493 1702 1532 130130

1318 1562 1453 1594 erant·
1492 1563 1529 1594 et
1549 1557 1727 1595 nondum

1317 1623 1476 1656 uenerat
1497 1618 1546 1656 ad
1566 1631 1634 1657 eos
1654 1619 1731 1657 ihs·
1748 1639 1757 1650 ·

1318 1679 1345 1701 ²⁸
1353 1679 1465 1719 Mare
1484 1692 1579 1720 uero
1598 1693 1745 1731 magno

1317 1773 1437 1806 uento
1456 1768 1574 1806 flante
1595 1781 1644 1806 ex

1318 1831 1502 1879 surgebat
1518 1851 1527 1860 ·
1557 1830 1586 1852 ¹⁹
1599 1831 1701 1869 Cum

1320 1904 1416 1941 ergo
1434 1892 1688 1942 remigassent

1320 1954 1398 1993 fere
1419 1955 1542 1992 stadia
1560 1955 1668 2005 uigin

1319 2024 1357 2056 te
1378 2017 1548 2067 quinque
1594 2019 1657 2056 uel

1320 2080 1476 2129 triginta
1489 2101 1498 2110 ·
1539 2081 1629 2119 uide

1321 2149 1410 2180 runt
1430 2142 1510 2180 ihm
1530 2143 1649 2181 ambu

1320 2205 1466 2243 lantem
1486 2217 1602 2255 super

1322 2279 1429 2305 mare
1471 2266 1523 2305 Et
1542 2279 1668 2318 prope

1322 2342 1464 2368 nauem
1482 2329 1697 2368 ueniente-

1322 2399 1361 2430 et
1380 2392 1588 2431 timuerunt
1604 2413 1612 2422 ·

1321 2453 1351 2474 ²⁰
1363 2454 1431 2494 Ille
1451 2461 1582 2493 autem
1602 2454 1698 2493 dixit

1321 2517 1394 2555 illis
1449 2529 1525 2566 ego
1547 2529 1634 2555 sum
1653 2529 1707 2555 no

1321 2579 1384 2617 lite
1403 2579 1538 2617 timere
1552 2600 1573 2609 ·-
1603 2578 1632 2600 ²¹
1643 2591 1695 2617 uo

1320 2641 1453 2679 lebant
1472 2652 1567 2690 ergo
1588 2641 1672 2679 acci

1320 2715 1413 2752 pere
1433 2702 1540 2740 illum
1559 2703 1600 2740 in
1618 2715 1669 2740 na

1319 2777 1410 2802 uem
1430 2784 1440 2796 ·
1482 2771 1520 2802 et
1538 2765 1644 2802 conti

1320 2838 1402 2864 nuo
1422 2826 1525 2865 facta
1545 2833 1602 2865 est
1622 2839 1673 2866 na

1319 2889 1380 2928 uis
1399 2889 1451 2927 ad
1469 2895 1610 2927 terram
1629 2889 1670 2927 in

1320 2963 1399 3002 qua
1418 2951 1526 2990 ibant
1538 2972 1594 2981 —-
1608 2969 1662 2986 w

1821 993 1889 1031 iuit
1912 994 1972 1033 ihs
1991 995 2031 1032 in
2051 996 2262 1035 nauicula*
2276 1017 2285 1027 ·

1822 1056 1900 1095 Sed
1919 1058 2189 1097 tantummodo

1821 1118 1999 1169 discipuli
2018 1120 2100 1159 eius
2120 1121 2207 1160 abie

1790 1221 1794 1224 ,
1820 1188 1909 1220 111111
1925 1202 1934 1212 ·
1964 1180 1992 1202 ²³
2005 1182 2091 1221 Alie
2110 1194 2205 1222 uero

1822 1252 2129 1294 superuenerunt

1821 1307 2022 1345 nauiculae
2042 1308 2090 1346 de
2109 1308 2188 1348 tibe

1820 1369 1927 1407 riade
1947 1370 2052 1408 iuxta
2071 1370 2203 1410 locum

1820 1431 1927 1469 illum
1945 1433 2011 1470 ubi
2030 1434 2176 1472 mandu

1820 1501 2002 1533 cauerant
2020 1508 2164 1545 panem

1821 1569 1939 1607 quem
1958 1558 2208 1597 benedixerat
2262 1569 2269 1574 ·

1822 1619 1894 1657 dfis
1911 1640 1920 1649 ·
1938 1640 1947 1649 ·
1978 1618 2006 1640 ²4
2018 1620 2119 1658 Cum
2138 1633 2234 1671 ergo

1820 1681 2008 1720 uidissent
2027 1684 2163 1722 turbae

1822 1773 1917 1820 qi‘1m
1937 1770 1996 1809 ihs
2011 1783 2093 1809 non
2113 1779 2189 1810 erat
2208 1773 2262 1811 ibi

1822 1844 1950 1882 neque
1970 1833 2146 1884 discipuli
2165 1836 2246 1874 eius
2260 1856 2269 1866 ·

1823 1895 1986 1945 ingressi
2006 1904 2095 1935 sunt
2114 1898 2189 1947 ipsi

1823 1956 1864 1994 in
1884 1969 2004 1996 naues
2042 1966 2080 1997 et
2098 1971 2199 1999 uene

1823 2026 1912 2058 runt
1931 2020 1971 2058 in
1990 2032 2228 2072 capernaum
2244 2016 2248 2018 Ἴ

1824 2090 2053 2131 quaerentes
2072 2083 2153 2122 ihm
2167 2106 2175 2115 ·

1823 2142 1852 2165 ²⁵
1860 2144 1912 2182 Et
1932 2157 2021 2184 cum
2040 2147 2277 2187 inuenissent

1825 2219 1915 2245 eum
1934 2214 2037 2246 trans
2057 2221 2162 2248 mare
2179 2231 2188 2240 ·

1825 2270 2004 2309 dixerunt
2022 2272 2058 2309 ei
2104 2273 2214 2311 rabbi

1823 2333 1979 2382 quando
2000 2333 2074 2372 huc
2093 2335 2233 2373 uenisti

1822 2393 1851 2416 ²⁶
1859 2396 2078 2445 Respondit
2092 2397 2164 2434 illis
2179 2398 2238 2436 ihs
2253 2405 2292 2437 et

1824 2458 1920 2496 dixit
1940 2479 1948 2488 ·
1989 2458 2119 2497 Amen
2138 2472 2254 2499 amen

1823 2520 1912 2559 dico
1931 2521 2044 2559 uobis
2065 2523 2246 2571 quaeritis

1823 2595 1887 2621 me
1907 2595 1989 2621 non
2008 2584 2098 2634 quia
2116 2585 2218 2623 uidis

1823 2645 1871 2683 tis
1892 2645 2004 2694 signa
2018 2666 2026 2676 ·
2070 2645 2148 2685 Sed
2168 2651 2263 2698 qfim

1823 2707 2085 2747 manducastis
2106 2709 2154 2747 de
2173 2722 2226 2760 pa
2283 2741 2287 2746 .

1823 2769 1936 2808 nibus
1956 2777 1994 2808 et
2015 2771 2171 2809 saturati
2191 2783 2234 2811 es

1823 2832 1871 2870 tis
1888 2853 1897 2862 ·
1937 2830 1967 2854 ²⁷
1979 2832 2207 2883 Operamini

1822 2906 1903 2933 non
1915 2907 2005 2934 esca
2021 2908 2120 2946 quae
2135 2897 2233 2946 perit
2247 2918 2314 2928 ·—

1821 2957 1891 2997 sed
1898 2970 1988 2998 esca
2002 2971 2076 3010 que
2089 2966 2290 3010 permanet

2039 3034 2067 3061 11
