2872 3268
341 320 422 353 1⁸01.
438 321 500 354 46.

532 215 589 257 24

531 330 617 358 mas
639 318 851 369 exigebant

529 380 581 420 ad
600 388 755 432 petrum
774 388 813 419 et

531 444 709 483 dixerunt
722 464 731 474 ·
770 455 836 482 ma

529 507 647 556 gister
665 512 792 544 uester
815 513 889 544 n0n

529 569 652 608 soluet
671 569 809 618 didrag

529 643 596 669 ma
634 631 664 652 ²¹⁵
676 631 728 669 ait
773 630 889 668 etiam
903 650 912 660 ·

528 693 580 732 Et
599 705 689 732 cum
711 693 889 730 intrasset

526 756 566 793 in
586 755 745 794 domum
761 775 770 784 ·
808 766 877 805 pre

527 817 634 855 uenit
653 829 743 855 eum
762 817 820 855 ihs

528 880 662 918 dicens
678 900 687 909 ·
726 879 820 930 quid
835 880 862 918 ti

528 942 567 980 bi
586 941 735 980 uidetur
755 942 876 980 simon
890 963 899 973 ·

529 1004 660 1054 Reges
679 1011 776 1043 terre
799 1017 822 1044 a
842 1005 908 1056 qui

527 1067 600 1105 bus
620 1068 818 1118 accipiunt
836 1069 883 1106 tri

527 1130 664 1168 butum
706 1131 769 1169 uel
788 1143 862 1170 cen

528 1204 616 1230 sum
633 1213 641 1223 ·
686 1205 709 1230 a
729 1193 812 1231 filiis
837 1194 914 1233 suis
931 1215 940 1224 ·

528 1262 594 1293 aut
614 1256 664 1293 ab
684 1255 817 1294 alienis
831 1277 840 1287 ·

526 1316 555 1338 ²⁶
566 1317 671 1356 Dicit
689 1318 724 1357 ei
743 1326 874 1369 petrus
893 1321 943 1359 ab

527 1380 660 1419 alienis
676 1401 685 1411 ·
729 1380 834 1420 Dicit

526 1443 578 1481 illi
596 1443 655 1482 ihs
674 1456 768 1494 ergo
787 1444 863 1483 libe

526 1506 558 1544 ri
579 1512 668 1545 sunt
686 1506 752 1544 filii
764 1528 774 1537 ·
803 1505 833 1529 ²⁷
852 1507 907 1547 Ut

527 1601 658 1633 autem
676 1608 757 1634 non
776 1608 871 1635 scan

527 1657 738 1697 dalizemus
756 1671 826 1698 eos
839 1680 848 1689 ·
891 1672 942 1699 ua

528 1720 626 1762 dens
646 1720 696 1758 ad
715 1733 822 1760 mare
836 1743 845 1752 ·
877 1722 948 1761 mit

527 1789 564 1821 te
584 1783 745 1821 hamum
784 1791 822 1823 et
840 1788 938 1823 eum'

528 1845 595 1895 qui
615 1846 760 1895 primus
780 1859 900 1886 ascen

529 1909 626 1946 derit
645 1908 793 1958 piscem
813 1910 868 1948 tol

528 1970 563 2008 le
583 1977 620 2009 et
640 1972 818 2021 aperiens
837 1985 882 2012 os

528 2033 609 2072 eius
632 2034 833 2073 inueniens

527 2102 708 2134 staterem
746 2097 854 2136 illum

527 2158 721 2208 accipiens
741 2159 791 2197 da
811 2160 866 2199 eis

526 2234 599 2272 pro
619 2233 683 2260 me
702 2228 740 2260 et
759 2229 796 2261 te
812 2243 822 2253 ·

528 2287 593 2323 18.
617 2282 629 2303 ¹
644 2284 692 2322 In
706 2284 769 2324 illa
784 2284 998 2325 horaacces

528 2354 660 2386 serunt
678 2347 853 2398 discipuli

527 2410 579 2448 ad
601 2409 681 2447 ihm
702 2410 873 2450 dicentes
887 2432 896 2442 ·

530 2471 629 2519 Quis
647 2479 759 2523 putas
778 2474 903 2513 maior

529 2541 586 2573 est
604 2535 644 2572 in
662 2548 783 2585 regno
802 2537 888 2576 celo

530 2609 615 2635 rum
630 2618 639 2627 ·
674 2598 746 2637 ²Et
764 2611 916 2639 uocans

531 2658 590 2696 ihs
609 2672 772 2710 puerum
797 2668 836 2700 et

533 2722 661 2759 statuit
680 2735 770 2761 eum
788 2724 830 2762 in
849 2737 911 2763 me

534 2782 598 2820 dio
611 2795 745 2823 eorum
761 2806 769 2816 ·
799 2786 813 2807 ³
832 2793 870 2826 et
889 2786 981 2825 dixit

1395 201 1646 242 SECUND
1667 222 1676 232 ·

1034 316 1164 355 Amen
1184 316 1272 355 dico
1296 316 1407 355 uobis
1425 336 1434 346 ·

1034 379 1106 417 nisi
1125 378 1305 417 conuersi
1327 378 1367 416 su

1034 441 1135 479 eritis
1181 447 1219 479 et
1238 441 1363 480 efficia

1034 504 1128 541 mini
1149 504 1247 542 sicut
1266 505 1399 554 pueri·

1033 577 1114 604 non
1133 566 1320 604 intrabitis
1339 567 1379 605 in

1030 640 1155 678 regno
1173 629 1367 668 caelorum
1383 650 1393 660 ·

1031 690 1047 711 ⁴
1058 689 1307 742 Quicumque
1326 704 1420 743 ergo

1031 752 1285 793 humiliauerit
1299 767 1340 793 se

1033 816 1130 855 sicut
1156 829 1252 867 puer
1269 818 1340 857 iste

1034 878 1095 917 hic
1114 879 1184 918 erit
1202 880 1324 920 maior

1033 942 1074 980 in
1093 954 1217 992 regno
1238 943 1394 982 caelorss
1411 964 1420 974 ·

1032 1004 1046 1026 ⁵
1059 1004 1110 1043 Et
1129 1005 1195 1056 qui
1213 1007 1404 1057 acceperit

1031 1080 1196 1119 puerum
1210 1069 1329 1108 talem

1031 1143 1154 1169 unum
1172 1131 1213 1169 in
1232 1132 1340 1171 nomi

1032 1206 1083 1232 ne
1102 1205 1193 1232 meo
1213 1206 1276 1233 me
1296 1206 1392 1234 acce

1031 1257 1114 1308 pit·
1153 1257 1245 1307 “qui
1263 1264 1394 1296 autem

1033 1319 1353 1359 scandalizauerit

1033 1395 1155 1421 unum
1171 1382 1220 1421 de
1239 1383 1388 1433 pusillis

1034 1445 1114 1483 istis
1130 1445 1375 1484 credentibus

1033 1508 1074 1546 in
1095 1520 1157 1547 me
1171 1529 1180 1538 ·
1221 1509 1379 1560 expedit
1399 1509 1433 1548 ei

1036 1602 1078 1634 ut
1097 1596 1354 1647 suspendatur

1035 1658 1140 1697 mola
1163 1659 1326 1697 asinaria
1344 1660 1385 1698 in

1035 1721 1138 1760 collo
1158 1721 1240 1760 eius
1253 1742 1262 1751 ·
1307 1729 1344 1761 et
1364 1721 1412 1761 de

1036 1791 1232 1833 mergatur
1250 1784 1290 1822 in
1309 1797 1381 1835 pro

1036 1846 1199 1884 fundum
1218 1848 1335 1886 maris
1351 1869 1419 1878 ι-

1035 1909 1050 1930 ⁷
1063 1909 1149 1948 Uae
1169 1910 1257 1949 huic
1278 1910 1427 1950 mundo
1448 1923 1470 1950 a

1037 1973 1230 2011 scandalis
1248 1993 1256 2002 -
1297 1985 1415 2012 neces

1037 2047 1079 2073 se
1098 2035 1202 2073 enim
1226 2042 1283 2074 est
1310 2036 1399 2075 ueni

1036 2110 1078 2136 re
1098 2097 1325 2136 scandalum
1341 2119 1350 2129 ·

1037 2160 1187 2199 Uerum
1205 2167 1338 2200 tamen
1356 2174 1431 2200 uae

1037 2222 1186 2261 homini
1212 2223 1265 2261 illi
1287 2236 1356 2274 per
1432 2218 1437 2224 ⁸

1037 2297 1154 2335 quem
1174 2286 1389 2325 scandalu-

1037 2348 1184 2386 uenerit
1197 2369 1206 2378 ·
1236 2347 1368 2398 ⁸quod

1038 2410 1069 2449 si
1088 2422 1228 2448 manus
1247 2417 1311 2449 tua
1331 2410 1394 2450 uel

1036 2485 1106 2524 pes
1126 2479 1213 2511 tuus
1232 2474 1377 2512 scanda

1037 2536 1124 2574 lizat
1143 2542 1181 2574 te
1220 2536 1357 2575 excide
1377 2540 1425 2576 εὖ

1037 2605 1076 2637 et
1094 2598 1226 2649 proice
1246 2600 1316 2638 abs
1335 2605 1374 2638 te

1039 2662 1198 2700 Bonum
1218 2662 1286 2700 tibi
1305 2669 1363 2701 est

1037 2724 1137 2764 intro
1157 2725 1314 2764 introire

1038 2788 1077 2826 in
1095 2788 1239 2827 uitam·
1280 2788 1437 2828 clodum

1576 314 1639 353 uel
1659 314 1826 353 debilem
1840 335 1848 345 ·

1575 388 1696 427 quam
1715 377 1812 417 duas
1832 389 1898 416 ma

1575 451 1647 478 nus
1670 447 1708 479 et
1728 440 1827 479 duos
1845 452 1896 491 pe

1574 502 1643 541 des
1662 502 1871 542 habentem

1574 566 1673 604 mitti
1690 566 1731 604 in
1750 567 1884 615 ignem

1574 635 1776 667 aeternum
1792 650 1801 660 ·
1831 630 1845 651 ⁹
1856 629 1908 668 Et
1929 629 1961 668 si

1573 691 1711 730 oculus
1730 698 1818 730 tuus
1841 703 1935 730 scan

1574 754 1713 793 dalizat
1731 761 1768 793 te
1786 775 1795 785 ·
1835 767 1903 793 eru

1573 829 1595 855 e
1615 829 1705 856 eum
1725 823 1763 856 et
1781 818 1913 868 proice

1573 880 1644 918 abs
1664 887 1700 919 te
1717 900 1726 910 ·
1767 881 1916 919 bonum

1572 943 1640 981 tibi
1659 949 1717 981 est
1739 955 1862 982 unum
1881 955 1907 981 o

1573 1005 1703 1044 culum
1724 1005 1892 1044 habente

1571 1068 1612 1106 in
1631 1069 1751 1107 uitam
1770 1069 1909 1107 intrare
1923 1089 1932 1099 ·

1572 1143 1694 1181 quam
1714 1131 1813 1170 duos
1835 1143 1912 1170 ocu

1571 1193 1631 1232 los
1653 1193 1861 1232 habentem

1572 1256 1671 1295 mitti
1690 1257 1730 1294 in
1749 1257 1930 1307 gehenna

1571 1319 1674 1369 ignis
1690 1340 1698 1349 ·
1729 1318 1758 1340 ¹⁰
1769 1318 1910 1358 Uidete

1573 1394 1623 1420 ne
1642 1382 1898 1420 contemnatis

1573 1456 1694 1483 unum
1715 1444 1764 1483 de
1782 1444 1884 1494 pusil

1573 1507 1619 1546 lis
1638 1507 1719 1545 istis
1732 1527 1742 1537 ·
1783 1507 1871 1546 dico
1890 1511 1955 1546 eni

1575 1594 1689 1632 uobis
1708 1593 1814 1643 quod
1833 1605 1935 1644 ange

1574 1657 1600 1695 li
1618 1669 1753 1695 eorum
1772 1657 1813 1694 in
1836 1656 1951 1695 caelis

1577 1731 1729 1769 semper
1747 1719 1880 1758 uident

1576 1781 1716 1821 faciem
1734 1782 1852 1833 patris
1867 1782 1944 1822 mei

1577 1845 1643 1895 qui
1666 1845 1706 1882 in
1726 1845 1841 1884 caelis
1861 1851 1918 1883 est
1935 1866 1944 1875 ·

1576 1906 1605 1929 ¹¹
1617 1906 1736 1947 Uenit
1754 1908 1859 1946 enim
1882 1908 1981 1947 filius

1575 1970 1744 2009 hominis
1763 1970 1870 2009 salua

1576 2045 1617 2071 re
1636 2032 1743 2083 quod
1763 2033 1930 2084 perierat
1944 2050 1999 2068 ω

1579 2112 1633 2129 ω
1679 2117 1735 2124 -—
1782 2113 1837 2130 Φ
1881 2117 1938 2124 .-

1541 2157 1561 2179 *
1577 2157 1607 2180 ¹²
1619 2157 1726 2205 Quid
1738 2158 1852 2197 uobis
1869 2158 2020 2198 uidetur

1541 2218 1560 2240 *
1577 2220 1608 2258 si
1626 2220 1764 2258 fuerint
1781 2220 1889 2260 homi

1540 2284 1562 2305 ⁴‘
1579 2283 1619 2321 ni
1638 2289 1797 2322 centum
1816 2296 1910 2323 oues
1927 2305 1936 2314 ·

1541 2343 1561 2366 *
1578 2352 1616 2384 et
1633 2346 1812 2385 errauerit
1829 2358 1908 2385 una

1542 2407 1561 2429 *
1578 2421 1626 2446 ex
1646 2409 1701 2447 eis
1715 2429 1724 2439 ·
1769 2408 1913 2448 Nonne

1574 2471 1796 2521 relinquens
1816 2484 1869 2511 no

1576 2534 1735 2584 naginta
1755 2546 1900 2573 nouem

1575 2596 1616 2634 in
1636 2597 1834 2636 montibus
1870 2609 1922 2636 ua

1577 2660 1675 2699 dens
1694 2660 1819 2710 querit
1843 2672 1885 2699 er

1576 2729 1727 2761 rantem
1741 2745 1750 2754 ·
1780 2723 1809 2744 ¹³
1821 2729 1859 2762 et
1878 2723 1910 2762 si
1929 2735 2005 2762 con

1576 2787 1702 2836 tigerit
1722 2792 1764 2826 ut
1782 2786 1955 2825 inueniat

1849 2861 1938 2888 eam

2130 207 2257 250 [xvu.
2275 213 2480 254 24—XVI11.
2501 222 2553 256 19.

2082 315 2214 355 Amen
2233 317 2323 357 dico
2342 319 2455 358 uobis

2082 379 2187 429 quod
2205 379 2390 430 gaudebit
2406 381 2450 420 inv

2082 453 2170 479 eam
2189 443 2316 492 magis
2335 455 2456 494 quam

2080 503 2120 541 in
2139 505 2355 555 nonaginta
2373 513 2411 545 et

2080 577 2224 604 nouem
2243 579 2343 617 quae
2367 581 2448 607 non

2077 637 2300 669 errauerunt
2315 651 2324 661 ·
2353 629 2383 651 ¹4
2396 631 2460 671 Sic

2078 703 2161 730 non
2180 698 2239 731 est
2257 693 2438 733 uoluntas

2079 760 2170 792 ante
2188 761 2339 804 patrem
2358 768 2427 794 ues

2078 823 2182 855 trum
2201 817 2267 868 qui
2285 818 2325 856 in
2345 818 2462 857 caelis

2079 885 2138 917 est
2175 885 2217 918 ut
2237 887 2368 930 pereat
2386 894 2413 920 u

2079 953 2152 980 nus
2171 954 2220 980 ex
2235 944 2383 993 pusillis
2402 945 2435 983 is

2078 1005 2152 1043 tis·
2182 1004 2212 1026 ¹⁶
2225 1005 2265 1044 Si
2285 1013 2415 1046 autem
2438 1015 2507 1059 pec

2033 1066 2037 1069 ⁷
2078 1068 2223 1107 cauerit
2240 1068 2280 1107 in
2299 1075 2336 1107 te
2355 1069 2412 1109 fra

2078 1139 2135 1168 ter
2153 1136 2242 1169 tuus
2281 1132 2384 1171 uade

2078 1198 2117 1231 et
2136 1194 2267 1244 coripe
2288 1206 2379 1233 eum
2392 1216 2402 1226 ·
2443 1196 2483 1234 in

2078 1262 2136 1294 ter
2154 1262 2193 1294 te
2212 1263 2249 1295 et
2267 1257 2397 1308 ipsum
2418 1270 2463 1298 so

2078 1318 2161 1357 lum
2176 1339 2185 1349 ·
2231 1319 2272 1358 Si
2292 1326 2329 1358 te
2349 1321 2463 1361 audie

2078 1382 2125 1420 rit
2144 1382 2313 1421 lucratus
2331 1396 2373 1422 es

2079 1444 2236 1483 fratrem
2254 1452 2364 1485 tuum
2377 1467 2386 1477 ·

2080 1506 2548 1550 ¹⁶Siautemnonaudierit·
2585 1527 2587 1529 ·

2081 1595 2222 1635 adhibe
2241 1603 2371 1636 tecum
2390 1599 2442 1638 ad

2082 1658 2157 1697 huc
2176 1671 2299 1698 unum
2317 1661 2380 1699 uel
2399 1661 2452 1700 du

2081 1733 2127 1760 os
2141 1742 2150 1752 ·
2191 1729 2232 1761 ut
2251 1723 2291 1761 in
2310 1735 2378 1763 ore
2399 1724 2508 1763 duu-

2081 1784 2144 1823 uel
2162 1785 2278 1824 trium
2297 1787 2451 1825 testium

2083 1853 2156 1886 stet
2175 1859 2293 1887 omne
2314 1850 2437 1888 uerbi-1
2453 1871 2463 1880 ·

2081 1908 2110 1931 ¹⁷
2123 1909 2244 1957 Quod
2264 1911 2296 1949 si
2314 1923 2396 1950 non
2415 1913 2529 1952 audie
2548 1924 2551 1926 ’

2081 1972 2128 2011 rit
2148 1984 2217 2011 eos
2257 1973 2318 2012 dic
2337 1975 2499 2014 ecclesie

2084 2035 2124 2074 Si
2143 2042 2274 2074 autem
2293 2037 2499 2077 ecclesiam

2082 2110 2164 2137 non
2182 2098 2342 2138 audierit
2356 2121 2365 2130 ·

2082 2161 2130 2199 sit
2150 2161 2217 2199 tibi
2237 2162 2336 2201 sicut
2354 2164 2434 2201 etni

2082 2236 2152 2262 cus
2172 2231 2210 2262 et
2228 2225 2457 2275 puplicanus
2473 2247 2483 2256 ·

2080 2285 2109 2307 ¹⁸
2119 2286 2251 2325 Amen
2270 2288 2356 2327 dico
2375 2289 2488 2328 uobis

2081 2361 2347 2400 quaecumque
2366 2351 2430 2389 alli

2081 2412 2262 2462 gaueritis
2282 2425 2398 2463 super

2081 2482 2222 2513 terram
2242 2483 2355 2515 erunt

2081 2537 2235 2587 alligata
2253 2538 2294 2576 in
2314 2539 2424 2577 caelo
2442 2560 2452 2570 ·

2081 2600 2132 2639 Et
2152 2613 2421 2651 quaecumque
2441 2601 2498 2641 sol

2081 2664 2213 2702 ueritis
2233 2676 2349 2715 super
2369 2671 2426 2703 ter

2081 2738 2166 2765 ram
2206 2733 2320 2765 erunt
2339 2727 2463 2766 soluta

2081 2789 2256 2829 incaelo·
2277 2788 2552 2829 ¹⁹Iterumaut6

2569 325 2650 358 1¹01.
2666 326 2726 359 4⁷.
