2872 3268
0 0 14 113 nstv—uxr!

294 210 387 242 vlu.
408 207 551 251 10—35.]

99 325 182 359 ποι.
197 327 278 361 107.
294 316 407 356 uobis
428 317 559 359 datum
580 321 638 353 est

294 379 392 418 scire
413 379 596 429 mysterii]

293 442 403 492 regni
423 442 462 479 di
475 462 484 471 ·
530 437 677 479 Ceteris

294 510 425 542 autem
445 504 484 541 in
504 503 651 554 parabo

290 566 338 605 lis
357 573 399 604 ut
418 566 592 605 uidentes

294 641 376 667 non
395 628 553 667 uideant
569 649 577 658 ·
621 628 672 666 Et
691 639 740 666 au

294 691 443 730 dientes
462 703 544 729 non
563 690 654 729 intel

293 754 445 804 legant·
462 775 494 783 ··
526 751 554 773 ¹¹
567 753 638 791 Est
657 764 707 790 au

291 822 370 855 tem
391 816 487 854 haec
508 815 692 866 parabola
706 835 714 845 ·

295 878 438 918 Semen
457 885 513 917 est
532 879 652 916 uerbfi

293 941 333 980 di
345 962 354 971 ·
383 939 412 962 ¹²
426 940 491 991 qui
511 947 640 979 autem
661 952 701 978 se

291 1015 361 1042 cus
381 1003 486 1041 uiam
505 1002 544 1040 hi
561 1009 650 1040 sunt

292 1065 358 1117 qui
379 1065 540 1104 audiunt
585 1065 691 1103 uenit

292 1134 421 1166 autem
442 1128 642 1166 diabolus·

291 1190 343 1229 Et
361 1191 468 1230 tollet
488 1191 536 1229 de
556 1190 673 1229 corde

290 1253 443 1292 illorum
462 1253 626 1292 uerbum
639 1274 647 1283 ·

291 1315 355 1354 Ne
374 1316 574 1355 credentes
594 1316 690 1354 salui

290 1378 387 1417 fiant
402 1399 411 1408 ·
426 1399 435 1408 ·
455 1377 484 1399 ¹³
498 1377 602 1416 Nam
623 1379 688 1429 qui

292 1452 410 1491 supra
425 1446 573 1491 petram
590 1461 598 1470 ·
641 1441 681 1478 hi

291 1509 379 1541 sunt
393 1524 401 1533 ·
443 1504 508 1554 qui
529 1516 619 1542 cum
638 1503 727 1541 audi

289 1566 387 1604 erint
405 1577 494 1604 curn
514 1566 658 1616 gaudio

289 1628 484 1678 accipiunt
502 1629 664 1666 uerbum

291 1721 330 1753 et
349 1715 388 1752 hi
407 1715 556 1753 radices
575 1727 658 1753 non
676 1715 728 1754 ha

290 1778 383 1816 bent
404 1778 490 1828 quia
510 1778 560 1816 ad
578 1784 731 1828 tempus

290 1839 452 1878 credunt
498 1846 536 1879 et
554 1840 594 1878 in
613 1846 746 1891 tempo

289 1894 331 1941 re
349 1902 611 1953 temptationis
629 1916 670 1941 re

289 1964 454 2003 cedunt·
494 1964 522 1986 ¹4
534 1965 641 2016 quod
655 1969 743 2003 aute

288 2027 329 2065 in
348 2027 469 2078 spinis
488 2028 625 2066 cecidit
638 2049 647 2057 ·

290 2088 347 2127 Hi
367 2096 455 2129 sunt
475 2091 540 2141 qui
559 2090 718 2128 audiunt

288 2158 327 2190 et
346 2152 708 2191 asollicitudinibus
722 2174 731 2183 ·

287 2220 325 2253 et
344 2212 483 2254 diuitiis
527 2221 564 2254 et
582 2216 700 2266 uolup

286 2278 427 2316 tatibus
445 2278 546 2317 uitae
565 2285 700 2317 euntes

287 2340 400 2378 simul
420 2341 658 2379 soffueantur

287 2408 327 2440 et
345 2415 428 2441 non
446 2403 640 2442 refaerunt

289 2463 456 2504 fructum
471 2486 479 2495 ·
494 2486 504 2496 ·
525 2465 555 2487 ¹⁶
567 2465 675 2517 quod

289 2533 419 2566 autem
438 2528 478 2565 in
496 2529 643 2566 bonam
662 2534 720 2567 ter

289 2600 374 2627 ram
390 2609 399 2619 ·
439 2589 479 2627 hi
498 2596 586 2628 sunt
604 2591 669 2641 qui
688 2591 729 2628 in

288 2651 407 2689 corde
426 2653 693 2691 bono-audien

286 2719 345 2752 tes
363 2714 524 2752 uerbum
543 2715 711 2753 retinent

286 2783 324 2814 et
344 2775 511 2814 fructum
531 2776 707 2816 adferunt

286 2850 356 2889 per
373 2838 627 2888 patitientiam
641 2859 650 2869 ·

286 2899 358 2938 ¹⁶N
362 2913 451 2939 emo
464 2907 591 2939 autem
601 2901 754 2940 lucerna

285 2975 491 3002 accensam
510 2964 634 3013 operit

285 3037 403 3064 uaso·
445 3031 511 3064 aut
530 3026 663 3064 subtus

758 2211 776 2233 *

758 2275 777 2297 ak

1181 200 1413 240 LUCAN-

794 313 936 353 lectum
955 313 1065 364 ponit
1079 334 1088 343 ·
1130 313 1198 352 sed

795 389 911 427 supra
930 376 1163 415 candelabri-1

795 440 906 490 ponit
928 446 969 477 ut
989 439 1173 477 intrantes

794 502 950 540 uideant
965 502 1095 540 lumen
1109 522 1117 531 ·
1142 501 1171 522 ¹⁷
1183 513 1263 540 non

795 565 900 603 enim
918 571 976 603 est
995 565 1192 603 occultum

796 627 903 677 quod
922 639 1003 665 non
1022 626 1225 665 manifeste

796 695 855 727 tur
869 710 877 719 ·
918 702 990 728 nec
1011 689 1198 728 abscondi

795 758 877 789 tum
897 752 969 790 nisi
988 764 1187 802 cognosca

795 820 855 851 tur
874 820 910 852 et
930 814 968 851 in
987 814 1117 864 palam
1136 813 1225 852 ueni

796 883 835 915 at
848 897 857 906 ·
892 876 1067 915 1⁸Uidete
1087 889 1166 927 quo
1185 888 1252 914 mo

796 939 848 977 do
868 939 1029 977 audiatis
1046 960 1055 969 ·
1098 939 1163 989 qui
1183 943 1245 977 eni

795 1001 912 1039 habet
932 1001 1083 1039 dabitur
1102 1001 1152 1038 illi
1168 1021 1176 1030 ·
1210 1001 1261 1038 Et

794 1064 1028 1115 quicumque
1047 1075 1127 1101 non
1147 1063 1198 1101 ha

795 1127 883 1164 bet·
927 1127 1041 1164 etiam
1061 1126 1166 1176 quod
1186 1138 1239 1176 pu

793 1195 848 1226 tat
868 1200 908 1226 se
927 1195 1057 1226 tenere
1077 1189 1204 1227 aufere

794 1257 854 1288 tur
870 1252 919 1289 ab
932 1263 980 1289 eo
997 1272 1006 1281 ·
1031 1250 1261 1289 ¹⁹Uenerant

794 1320 922 1352 autem
942 1314 992 1351 ad
1011 1314 1117 1351 illum
1138 1326 1203 1352 ma

793 1383 850 1414 ter
868 1383 906 1414 et
925 1376 1058 1414 fratres
1078 1376 1159 1414 eius
1173 1397 1182 1406 ·

793 1445 830 1477 et
849 1451 928 1477 non
948 1445 1125 1489 poterant
1144 1439 1207 1477 adi

792 1514 832 1540 re
853 1502 903 1540 ad
922 1514 1009 1539 eum
1030 1514 1098 1552 pre
1117 1503 1224 1540 turba
1237 1523 1246 1532 ·

794 1561 823 1584 ²⁰
835 1563 1066 1602 Nuntiatum
1087 1570 1144 1602 est
1163 1568 1250 1602 aute

793 1626 845 1664 illi
864 1627 954 1677 quia
973 1633 1096 1664 mater
1114 1633 1178 1664 tua

794 1719 832 1751 et
850 1713 982 1752 fratres
1001 1714 1056 1751 tui
1077 1719 1179 1753 stant

793 1775 886 1814 foris
904 1775 1080 1814 uolentes
1099 1782 1137 1815 te

792 1838 924 1877 uidere
941 1859 949 1868 ·
990 1836 1019 1858 ²¹
1032 1838 1172 1889 quibus

792 1900 1032 1950 respondens
1058 1901 1152 1939 dixit

792 1969 914 2002 mater
932 1975 1019 2001 mea
1039 1970 1077 2002 et
1097 1963 1152 2002 fra

794 2033 870 2064 tres
890 2026 967 2063 mei
986 2026 1026 2063 hi
1046 2032 1134 2064 sunt

793 2089 859 2139 qui
878 2089 1041 2126 uerbum
1062 2089 1101 2127 di
1120 2101 1169 2126 au

793 2151 902 2188 diunt
921 2157 958 2188 et
978 2150 1144 2189 faciunt·
1163 2168 1216 2185 ω

793 2214 822 2236 2²
834 2214 996 2252 Factum
1017 2220 1073 2252 est
1092 2221 1220 2253 autern

793 2277 833 2315 in
851 2289 929 2315 una
949 2276 1096 2315 dierum

792 2348 831 2381 et
850 2343 932 2392 ipse
952 2342 1126 2380 ascendit
1144 2342 1184 2380 in

792 2404 1014 2443 nauiculam
1033 2411 1071 2443 et
1091 2405 1150 2443 dis

791 2467 910 2518 cipuli
930 2467 1012 2505 eius
1026 2487 1035 2497 ·
1077 2473 1114 2505 et
1134 2467 1186 2506 ait

791 2529 841 2568 ad
861 2529 945 2568 illos
960 2550 968 2559 ·
1011 2535 1163 2568 transea

790 2603 878 2629 mus
898 2597 1003 2629 trans
1023 2595 1163 2645 stagni-1

790 2660 828 2692 et
842 2654 1069 2691 leuauerunt
1083 2673 1092 2683 -

790 2715 819 2737 ²³
831 2715 1114 2765 Nauigantibus
1134 2719 1220 2754 aute

790 2777 862 2815 illis
881 2777 1114 2815 obdormiit·
1151 2777 1203 2816 Et

790 2839 988 2877 descendit
1006 2839 1138 2889 procel

789 2902 827 2939 la
847 2902 951 2951 uenti
967 2922 976 2931 ·
1017 2901 1068 2939 Et
1087 2901 1205 2951 imple

788 2965 898 3002 batur
916 2976 939 3002 a
958 2963 1136 3002 fluctibus

788 3026 966 3065 nauicula
1012 3032 1049 3065 et
1070 3039 1160 3077 pere

1332 312 1559 351 clitabantur
1572 333 1581 342 ·
1624 310 1652 333 ²⁴
1665 324 1757 351 acce

1332 374 1466 414 dentes
1487 381 1615 413 autem
1635 387 1699 413 sus

1332 437 1545 475 citauerunt
1564 449 1653 475 eum

1332 500 1504 538 dicentes
1517 519 1526 529 ·
1567 511 1735 550 praecep

1331 567 1390 600 tor
1409 567 1638 612 praeceptor
1653 582 1661 592 ·

1331 624 1524 674 perimus·
1564 623 1618 661 At
1643 623 1705 662 ille

1332 698 1494 736 surgens
1514 686 1672 736 increpa

1331 748 1385 786 uit
1403 755 1522 787 uento
1569 755 1606 786 et
1624 754 1703 786 tem

1331 811 1470 861 pestati
1489 823 1614 862 aquae
1631 831 1640 841 ·
1682 817 1719 850 et
1739 818 1799 850 ces

1331 879 1531 911 sauerunt·
1573 879 1611 911 et
1629 873 1689 911 fac

1329 941 1368 973 ta
1386 942 1444 973 θεῖ
1464 935 1655 986 tranquilli

1329 1004 1387 1036 tas
1401 1019 1410 1027 ·
1451 996 1479 1018 ²⁵
1492 997 1600 1036 Dixit
1619 1004 1750 1036 autem

1330 1060 1401 1098 illis
1447 1061 1513 1098 ubi
1532 1066 1589 1099 est
1609 1060 1705 1099 fides

1329 1129 1455 1161 uestra
1469 1143 1477 1152 ·
1521 1129 1558 1161 et
1577 1123 1698 1161 timen

1329 1191 1386 1222 tes
1406 1185 1530 1222 mirati
1547 1191 1635 1222 sunt

1329 1247 1548 1285 adinuicem
1569 1247 1683 1286 dicen

1329 1316 1385 1347 tes
1403 1330 1411 1339 ·
1451 1310 1538 1360 quis
1557 1315 1614 1348 est
1633 1309 1695 1348 hic

1329 1371 1435 1423 quod
1455 1378 1492 1409 θῖ
1511 1372 1635 1410 uentis
1655 1373 1708 1409 im

1329 1441 1437 1484 perat
1456 1440 1494 1472 et
1513 1434 1610 1472 mari
1629 1441 1666 1472 et

1328 1496 1542 1535 obaudiunt
1560 1497 1619 1535 ei·
1652 1495 1680 1517 ²⁶
1692 1497 1779 1535 Ena

1328 1559 1557 1608 uigauerunt
1575 1563 1662 1597 aute

1331 1621 1381 1659 ad
1400 1621 1599 1671 regionem
1618 1634 1710 1672 gera

1331 1721 1513 1747 senorum
1534 1721 1634 1759 quae
1654 1716 1711 1747 est

1330 1778 1437 1809 trans
1457 1778 1592 1810 eontra
1611 1772 1688 1822 gali

1330 1833 1456 1872 leam·
1489 1832 1517 1855 ²⁷
1530 1840 1567 1872 et
1582 1846 1673 1872 cum
1688 1846 1797 1884 egres

1331 1908 1395 1934 sus
1414 1902 1514 1934 esset
1534 1896 1584 1933 ad
1603 1903 1743 1935 terram

1330 1959 1497 1997 occurrit
1515 1959 1567 1996 illi
1586 1959 1644 1996 uir
1663 1959 1729 2010 qui

1331 2021 1421 2059 dam
1443 2021 1490 2059 de
1510 2021 1662 2060 ciuitate
1678 2041 1687 2050 ·

1330 2083 1397 2134 qui
1416 2083 1584 2121 habebat
1603 2083 1719 2121 demo

1330 2154 1438 2191 nium
1457 2154 1693 2204 temporibus

1329 2216 1458 2253 multis
1504 2215 1554 2253 Et
1577 2216 1674 2254 uesti

1330 2285 1503 2316 mentum
1522 2290 1603 2316 non
1622 2278 1716 2316 indu

1330 2341 1463 2379 ebatur
1476 2361 1484 2370 ·
1526 2353 1575 2379 ne
1596 2353 1723 2392 neque

1329 2403 1370 2441 in
1389 2403 1507 2441 domo
1528 2404 1711 2442 manebat

1330 2466 1398 2504 sed
1417 2466 1458 2503 in
1477 2466 1740 2504 monumentis
1755 2482 1762 2490 ·

1329 2527 1397 2567 28Ιε
1412 2535 1453 2567 ut
1464 2528 1558 2566 uidit
1571 2528 1651 2566 ihm
1689 2528 1797 2578 proci

1329 2590 1383 2628 dit
1402 2597 1489 2628 ante
1510 2590 1617 2628 illum
1632 2611 1640 2620 ·
1691 2596 1728 2628 et
1747 2602 1795 2628 ex

1328 2653 1501 2691 clamans
1520 2664 1618 2690 uoce

1328 2726 1471 2764 magna
1492 2714 1585 2752 dixit
1599 2734 1608 2743 ·

1327 2776 1421 2826 quid
1441 2776 1535 2813 mihi
1554 2782 1591 2813 et
1609 2776 1677 2814 tibi

1327 2839 1393 2876 ihu
1413 2838 1465 2876 fili
1484 2838 1523 2875 di
1543 2838 1737 2876 altissimi·

1327 2901 1491 2939 obsecro
1510 2907 1546 2938 te
1566 2913 1615 2938 ne
1634 2913 1697 2939 me

1325 2971 1504 3015 torqueas
1517 2983 1527 2993 ·
1569 2963 1598 2985 ²⁹
1610 2975 1702 3014 prae

1325 3026 1491 3077 cipiebat
1511 3025 1615 3064 enim
1635 3026 1780 3076 spiritui

2247 200 2300 255 85

1834 312 2024 352 inmundo
2044 320 2085 352 ut
2104 315 2223 353 exiret

1834 377 1884 414 ab
1903 375 2061 415 homine
2075 398 2084 407 ·
2125 378 2255 417 multis

1834 439 1939 476 enim
1958 440 2196 489 temporibus

1833 507 1988 551 ruperat
2006 501 2113 539 illum
2128 523 2137 532 ·
2181 515 2273 541 nam

1833 564 1986 602 uinctus
2006 564 2180 603 cathenis

1833 632 1870 664 et
1890 626 2129 677 conpedibus
2149 640 2218 666 cus

1833 688 2048 727 todiebatur
2064 710 2072 719 ·
2114 695 2151 728 et
2169 702 2241 740 rup

1833 751 1880 788 tis
1899 751 2063 789 uinculis
2082 753 2206 802 ageba

1834 819 1894 851 tur
1914 826 1936 851 a
1957 813 2141 852 demonio
2161 815 2201 852 in
2220 814 2259 853 lo

1834 888 1881 914 ca
1901 875 2050 914 deserta
2063 897 2073 906 ·
2113 876 2143 897 ³⁰
2155 876 2261 915 Inter

1832 938 1984 988 rogauit
2004 944 2132 977 autem
2151 939 2218 977 illu

1834 1001 1892 1038 ihs
1912 1001 2019 1051 quod
2038 1002 2106 1039 tibi
2125 1005 2243 1040 nome

1833 1069 1891 1101 est
1936 1063 2050 1102 atille
2066 1064 2160 1102 dixit
2172 1064 2274 1114 legio
2288 1081 2296 1090 ·

1833 1130 1928 1176 qfim
1948 1126 2186 1164 intrauerunt
2205 1126 2253 1164 de

1832 1188 1965 1226 monia
1984 1189 2105 1226 multa
2123 1189 2164 1226 in
2178 1201 2226 1227 eo
2239 1209 2249 1219 ·

1832 1249 1859 1270 ³¹
1873 1256 1911 1288 et
1930 1252 2121 1300 rogabant
2141 1251 2207 1289 illu
2222 1272 2230 1281 ·

1832 1325 1882 1351 ne
1903 1313 2107 1363 imperaret

1831 1375 1903 1413 illis
1919 1382 1958 1413 ut
1977 1376 2016 1413 in
2036 1376 2176 1426 abyssi-1

1831 1438 1928 1476 irent
1945 1458 1953 1468 ·
1995 1436 2025 1458 ³²
2035 1438 2129 1476 Erat
2149 1445 2279 1478 autem

1830 1501 1884 1538 ibi
1903 1513 1996 1551 grex
2016 1512 2137 1550 porco

1831 1575 1917 1600 rum
1937 1564 2146 1601 multorum

1832 1623 2126 1679 pasce[n]tium·
2146 1626 2301 1678 Etroga
2329 1675 2331 1677 q

1833 1719 1972 1751 uerunt
1990 1713 2096 1751 illum
2114 1719 2155 1751 ut
2175 1714 2215 1751 in

1833 1775 1916 1813 illos
1935 1775 2031 1814 irent
2078 1782 2115 1814 et
2134 1776 2258 1826 permi

1834 1838 1881 1875 sit
1900 1838 1972 1875 illis
1989 1858 1997 1868 ·
2043 1837 2072 1858 ⁸²³
2084 1839 2259 1876 exierunt

1833 1906 1961 1938 autem
1981 1900 2163 1939 demonia
2181 1902 2232 1939 ab

1832 1962 1991 2001 homine
2038 1969 2075 2001 et
2094 1963 2241 2002 intraue

1831 2031 1920 2063 runt
1939 2026 1978 2063 in
1996 2037 2138 2075 porcos
2157 2032 2194 2064 et

1832 2088 1978 2138 impetu
1997 2089 2088 2126 abiit
2107 2101 2201 2138 grex

1831 2163 2039 2201 porcorum
2058 2163 2125 2201 per
2142 2163 2211 2201 pre
2265 2144 2268 2148 ’

1832 2224 1924 2263 ceps
1943 2213 1984 2250 in
2003 2219 2181 2263 stagnum
2201 2219 2238 2251 et

1832 2275 2007 2314 suffucati
2027 2281 2136 2314 sunt·
2175 2275 2205 2297 ⁸⁴
2216 2276 2256 2314 ui

1832 2338 1967 2376 dentes
1986 2345 2115 2376 autem
2134 2339 2201 2390 qui

1831 2402 2043 2451 pascebant
2062 2401 2168 2452 quod
2188 2401 2249 2440 fac

1831 2470 1915 2501 tum
1934 2470 1991 2501 est
2010 2463 2190 2513 fugerunt
2203 2484 2212 2494 ·

1831 2531 1868 2564 et
1887 2526 2201 2564 renuntiauerunt

1831 2588 1871 2626 in
1890 2588 2041 2626 ciuitate
2060 2594 2098 2627 et
2116 2588 2155 2625 in
2174 2588 2227 2626 uil

1831 2650 1886 2688 las
1900 2667 1908 2676 ·
1945 2650 1975 2671 ⁸⁵
1987 2651 2176 2689 Exierunt
2195 2653 2283 2689 aute

1829 2713 1960 2751 uidere
1984 2714 2090 2764 quod
2108 2713 2213 2752 factu

1815 2781 1886 2814 ,θεῖ
1905 2782 1943 2814 θῖ
1960 2782 2149 2814 uenerunt
2168 2776 2218 2814 ad

1829 2838 1910 2876 ihm
1926 2859 1935 2869 ·
1974 2839 2025 2876 Et
2044 2839 2274 2879 inuenerunt

1828 2900 2027 2940 hominem
2047 2902 2205 2940 sedente
2220 2923 2229 2932 ·

1827 2976 1850 3002 a
1868 2976 1947 3015 quo
1966 2964 2148 3003 demonia
2166 2965 2250 3004 exie

1828 3034 1912 3066 rant
1926 3047 1934 3057 ·
1975 3028 2155 3066 uestitum

2317 318 2399 350 1¹01.
2415 320 2497 350 108.
