2872 3268
371 335 454 368 1¹01.
471 336 533 367 89.

574 207 630 259 76

573 337 692 378 quam
711 325 751 364 in
770 331 881 364 utero
900 336 976 364 con

573 390 766 440 ciperetur
780 409 788 419 ·
819 387 848 409 ²²
860 389 911 426 Et
930 393 1023 438 post

573 464 691 503 quam
710 451 858 501 impleti
878 457 967 489 sunt

572 515 654 553 dies
678 514 917 565 purgationis

573 589 709 615 eorum
730 576 938 615 secunda*

571 639 698 689 legem
718 638 866 688 moysi·
900 635 977 674 tule

569 708 657 740 runt
677 700 738 732 illu
757 701 797 738 in
816 698 1002 738 hierusale
1027 718 1034 728 ·

567 771 611 802 ut
631 775 720 802 eum
741 763 918 800 sisterent

570 827 650 864 dr‘io
667 846 675 855 ·
705 823 734 845 ²⁸
747 825 844 863 sicut
863 824 965 874 scrip

569 895 651 926 tum
672 894 729 925 est
749 887 789 924 in
807 886 895 936 lege
914 886 979 924 dni
994 906 1003 916 ·

571 950 674 998 Quia
692 961 811 988 omne
835 961 972 987 mascu

569 1013 650 1051 lum
670 1012 900 1063 adaperiens

568 1075 725 1113 uuluam
746 1079 829 1113 scm
850 1075 930 1113 dfio

567 1138 770 1176 uocabitur
786 1158 794 1168 ·
825 1138 853 1159 ²⁴
865 1138 918 1176 Et
935 1143 978 1176 ut

569 1200 706 1239 darent
727 1201 866 1239 ostiam
888 1213 930 1240 se

569 1263 740 1302 cundum
761 1263 868 1314 quod
888 1263 951 1302 dic

568 1333 652 1365 tum
672 1333 731 1365 est
749 1326 790 1364 in
810 1326 897 1376 lege
917 1326 986 1364 diii
999 1346 1008 1357 ·

567 1388 858 1427 Parturturum0
899 1395 964 1427 aut

569 1452 669 1490 duos
690 1452 817 1502 pullos
837 1452 928 1491 coli-1

563 1514 679 1554 binos
693 1535 702 1545 ·
732 1514 762 1536 ²⁵
774 1514 826 1554 Et
846 1527 940 1554 ecce

564 1609 646 1641 erat
664 1602 787 1641 homo
807 1602 847 1640 in
867 1602 975 1641 hieru

565 1665 688 1704 salem
709 1665 771 1703 cui
791 1677 940 1703 nomen

566 1740 732 1778 symeon
748 1748 757 1758 ·
787 1734 825 1766 et
844 1727 967 1766 homo

565 1790 636 1828 iste
656 1791 779 1830 iustus
798 1797 837 1829 et
856 1786 952 1829 timo

565 1859 671 1892 ratus
726 1859 939 1903 expectans

567 1915 880 1955 consolationem
899 1915 946 1954 isi
959 1936 967 1946 ·

568 1985 606 2017 et
626 1981 692 2028 sps
712 1983 774 2017 scs
794 1985 876 2017 erat
890 1978 930 2016 in
950 1978 1036 2028 ipso

567 2041 600 2064 ’Δ
610 2041 863 2091 Responsum
881 2047 1011 2079 autem

567 2103 761 2154 acciperat
781 2116 803 2142 a
823 2107 896 2153 spu
917 2109 984 2143 sco
998 2124 1008 2134 ·

568 2178 651 2204 non
669 2166 846 2204 uisurum
865 2169 908 2204 se
928 2178 1015 2205 mor

568 2235 650 2268 tem
671 2249 680 2259 ·
728 2229 802 2266 nisi
823 2228 928 2278 prius
947 2228 1037 2267 uide

568 2298 625 2330 ret
639 2295 735 2342 xpm
755 2291 822 2330 dni
838 2312 847 2321 ·
877 2291 906 2313 ²⁷
917 2291 969 2329 Et
988 2303 1036 2330 ue

569 2354 626 2392 nit
646 2355 686 2393 in
706 2358 780 2404 spu
800 2354 840 2391 in
859 2354 1008 2404 templu

566 2415 622 2454 Etr
639 2429 730 2456 cum
749 2417 975 2456 inducerent

567 2491 732 2529 puerum
751 2479 833 2517 ihm
851 2491 973 2529 paren

568 2546 626 2579 tes
647 2542 729 2580 eius
776 2548 818 2580 ut
836 2541 1008 2589 facerent

570 2605 784 2642 secundum
800 2616 946 2650 consue

570 2665 743 2704 tudinem
758 2667 854 2716 legis
874 2680 946 2717 pro
966 2680 1013 2706 eo
1029 2689 1037 2698 -

569 2725 597 2748 ²⁸
611 2727 660 2765 Et
679 2729 760 2778 ipse
780 2731 929 2780 accepit
948 2742 1038 2769 eum

571 2790 612 2827 in
631 2802 768 2829 manus
790 2804 877 2837 suas
894 2813 902 2822 ·
915 2816 969 2820 —

1485 206 1644 247 SECD
1661 226 1669 236 ·

1077 331 1114 363 et
1133 322 1329 362 benedixit
1349 321 1416 361 dm
1435 327 1474 360 et

1076 387 1170 424 dixit
1191 407 1199 416 ·
1230 384 1331 423 29ΕΧ
1353 397 1455 423 nunc
1475 384 1513 423 di

1075 449 1192 496 mifftis
1213 460 1367 486 seruum
1387 451 1454 486 tufi

1075 511 1150 549 dne
1171 510 1386 549 secundum

1073 575 1236 613 uerbum
1256 579 1366 611 tuum
1385 573 1426 611 in

1072 649 1169 687 pace
1208 636 1237 657 ³⁰
1250 636 1340 687 quia
1351 635 1531 674 uiderunt

1072 699 1173 738 oculi
1192 699 1270 738 mei
1290 699 1454 737 salutare

1072 767 1182 800 tuum
1224 760 1253 782 ³¹
1265 761 1373 812 quod
1391 773 1505 812 paras

1072 824 1100 862 ti
1120 830 1210 862 ante
1231 823 1373 862 faciem
1392 836 1459 864 om

1072 887 1182 924 nium
1200 887 1394 937 populoru
1411 907 1419 917 ·

1071 947 1101 970 ⁸²
1113 949 1245 987 lumen
1264 949 1315 988 ad
1332 949 1487 988 reuelati

1073 1023 1192 1051 onem
1212 1012 1390 1062 gentium
1406 1032 1415 1042 ·
1449 1012 1501 1050 Et

1073 1074 1239 1125 gloriam
1257 1074 1382 1125 plebis
1401 1081 1488 1115 tuae

1074 1137 1122 1176 ist
1137 1159 1146 1167 ·
1176 1137 1268 1176 33Εῐ
1288 1144 1370 1176 erat
1390 1138 1501 1189 iosep

1074 1206 1111 1238 et
1131 1206 1254 1239 mater
1277 1201 1359 1240 eius
1378 1201 1435 1239 mi

1074 1270 1203 1302 rantes
1223 1275 1340 1314 super
1354 1264 1414 1303 his

1073 1338 1173 1377 quae
1189 1326 1418 1365 dicebantur
1437 1325 1486 1365 de

1073 1388 1138 1427 illo
1152 1409 1161 1419 ·
1191 1388 1220 1409 ⁸4
1232 1394 1270 1428 et
1289 1389 1487 1428 benedixit

1072 1463 1141 1490 eos
1161 1463 1326 1500 symeon
1341 1473 1351 1483 ·
1392 1458 1430 1491 et
1448 1452 1514 1490 dix

1072 1514 1119 1552 sit
1138 1514 1189 1556 ad
1207 1515 1369 1553 mariam
1387 1527 1452 1553 ma

1071 1607 1170 1640 trem
1189 1601 1272 1640 eius
1289 1623 1296 1632 ·
1316 1623 1324 1632 ·
1355 1614 1448 1641 ecce
1468 1615 1521 1654 po

1071 1665 1165 1702 situs
1185 1670 1243 1702 est
1262 1664 1325 1704 hic
1346 1665 1386 1702 in
1405 1665 1463 1703 rui

1071 1739 1164 1765 nam
1184 1733 1221 1766 et
1241 1728 1444 1767 resurrecti

1071 1801 1190 1827 onem
1209 1790 1420 1829 multorum

1071 1852 1111 1890 in
1132 1852 1180 1891 isi
1195 1873 1204 1883 ·
1244 1853 1296 1890 Et
1317 1853 1476 1902 signum

1071 1915 1178 1966 quod
1196 1916 1418 1955 contradice

1071 1983 1132 2015 tur
1179 1977 1208 1998 ⁸⁵
1224 1984 1261 2017 et
1280 1984 1388 2016 tuam
1406 1978 1526 2029 ipsius

1072 2040 1244 2079 animam
1264 2042 1453 2091 pertransi

1071 2109 1110 2141 et
1128 2103 1278 2153 gladius
1295 2124 1303 2134 ·
1346 2110 1388 2141 ut
1406 2116 1446 2142 re

1070 2166 1217 2203 ueletur
1236 2166 1404 2205 multoru

1072 2228 1248 2266 cordium
1269 2229 1452 2278 cogitatio

1072 2302 1143 2327 nes
1159 2312 1166 2320 ·
1183 2311 1191 2321 ι
1208 2312 1215 2321 -
1238 2290 1325 2330 ³⁶Et
1338 2298 1419 2330 erat
1430 2304 1534 2330 anna

1072 2352 1277 2403 profetissa
1297 2354 1374 2393 filia
1393 2354 1433 2393 fa

1074 2416 1164 2454 nuel
1184 2416 1232 2455 de
1249 2417 1350 2455 tribu
1372 2438 1379 2447 ·
1402 2429 1487 2456 aser
1502 2438 1511 2448 ·

1075 2477 1188 2518 Haec
1208 2486 1450 2530 processarat

1075 2541 1115 2579 in
1136 2541 1272 2580 diebus
1291 2543 1420 2582 multis
1437 2563 1446 2574 -

1076 2610 1114 2642 et
1132 2604 1283 2643 uixerat
1302 2617 1392 2644 cum
1411 2606 1496 2645 uiro

1075 2679 1146 2714 suo
1167 2679 1294 2714 annos
1314 2672 1422 2719 septe

1074 2741 1096 2767 a
1115 2730 1332 2780 uirginitate
1353 2743 1422 2770 sua
1437 2752 1447 2762 ·

1069 2791 1098 2814 ³⁷
1110 2792 1262 2832 Ethaec
1268 2793 1385 2841 uidua
1391 2799 1541 2834 annorfl

1612 321 1785 361 octuinta
1804 327 1939 373 quattu
2006 366 2011 371 ⁴

1612 396 1658 423 or
1673 405 1682 414 ·
1726 396 1825 435 quae
1845 396 1928 423 non
1949 383 2054 423 disce

1612 446 1728 485 debat
1747 446 1795 485 de
1809 446 1958 497 templo

1612 509 1749 548 ieiunis
1769 515 1806 548 et
1826 509 1949 548 oratio

1611 573 1725 611 nibus
1746 572 1917 613 seruiens

1612 637 1727 673 nocte
1743 647 1788 673 ac
1802 635 1864 673 die
1878 656 1887 665 ·
1907 634 1993 672 ³⁸Et
2007 633 2081 674 hec

1611 698 1695 748 ipsa
1714 697 1811 736 hora
1830 704 1936 736 stans
1949 718 1958 728 ·

1611 760 1868 800 confitebatur
1887 760 1967 799 dno
1981 781 1990 791 -

1610 829 1648 862 et
1667 823 1896 874 loquebatur
1911 822 1960 863 de

1611 886 1676 925 illo
1700 886 1884 925 omnibus
1903 885 1970 937 qui

1611 950 1890 1000 exspectabant
1909 961 1950 987 re

1611 1011 1849 1057 demtionem
1870 1011 1979 1050 hieru

1612 1075 1734 1113 salem
1750 1096 1759 1105 ·
1789 1075 1818 1096 ³⁹
1829 1075 1882 1113 Et
1895 1081 1937 1113 ut
1957 1087 2025 1126 per

1610 1137 1711 1177 fecta
1731 1144 1819 1176 sunt
1837 1138 1971 1183 omnia

1612 1200 1826 1239 secundum
1841 1201 1969 1251 legem

1611 1263 1678 1302 dni
1691 1284 1700 1293 ·
1751 1262 1915 1301 Reuersi
1935 1269 2024 1302 sunt

1611 1326 1651 1363 in
1670 1325 1850 1375 galileam
1869 1326 1908 1364 in
1929 1326 2005 1364 ciui

1609 1394 1727 1427 tatem
1747 1400 1858 1426 suam
1872 1401 1971 1427 naza

1609 1451 1694 1490 reth
1711 1472 1720 1481 ·
1738 1472 1747 1482 ·
1776 1450 1806 1472 ⁴⁰
1818 1451 1919 1490 Puer
1936 1454 2025 1491 aute

1610 1514 1810 1554 crescebat
1828 1520 1866 1553 et
1879 1526 1956 1558 con

1610 1601 1824 1640 sortabatur
1844 1605 1918 1651 spu
1933 1621 1943 1632 ·

1611 1670 1649 1703 et
1669 1665 1901 1715 implebatur
1920 1665 2009 1715 sapi

1611 1727 1715 1766 entia
1761 1733 1800 1766 et
1818 1728 1940 1778 gratia
1960 1727 1999 1766 di

1610 1795 1691 1829 erat
1709 1802 1800 1829 cum
1820 1790 1885 1829 illo
1903 1811 1911 1821 ·
1941 1789 1971 1811 ⁴¹
1982 1791 2034 1829 Et
2053 1791 2071 1837 i,

1610 1854 1705 1892 bant
1720 1860 1899 1903 parentes
1913 1853 1997 1892 eius

1611 1928 1680 1966 per
1699 1928 1839 1955 omnes
1859 1928 1986 1956 annos

1610 1979 1650 2016 in
1670 1978 1902 2018 hierusalem
1929 1979 1970 2017 in

1611 2041 1695 2088 dies
1713 2039 1912 2081 sollemnis
1934 2041 2079 2092 pasche

1610 2103 1639 2132 ⁴²
1651 2104 1702 2143 Et
1721 2117 1811 2147 cum
1830 2104 1921 2143 facti
1941 2111 2069 2144 essent

1610 2167 1662 2205 illi
1681 2169 1774 2206 anni
1793 2167 2001 2207 duodedici
2013 2188 2022 2198 ·

1610 2230 1910 2275 ascendentibus
1930 2230 2004 2270 illis

1609 2292 1650 2330 in
1669 2292 1928 2343 hierosolyma
1942 2313 1951 2323 ·

1611 2354 1827 2393 secundum
1847 2367 1994 2394 consue
2020 2376 2028 2383 ·

1611 2418 1785 2456 tudinem
1806 2418 1881 2456 diei
1900 2418 1987 2457 festi
2001 2438 2010 2449 ·

1610 2480 1639 2510 43
1653 2480 1981 2532 Consfimatisque
1994 2481 2057 2520 die

1612 2543 1944 2583 cumredirent·.re
1989 2542 2080 2598 [bus

1612 2606 1753 2644 mansit
1773 2606 1832 2645 ihs
1851 2618 1948 2658 puer
1966 2606 2006 2644 in

1613 2669 1845 2715 hierusalem
1861 2690 1870 2700 ·
1914 2669 1966 2715 Et
1984 2682 2066 2709 non

1614 2732 1775 2782 agnouit
1793 2732 1929 2783 ioseph
1949 2738 1987 2772 et

1613 2801 1736 2834 mater
1747 2795 1846 2842 eius·
1861 2795 2082 2834 “Existima

1987 2858 2082 2897 bant

2384 217 2447 260 [ΙΙ.
2465 225 2584 268 21-51.

2114 321 2222 360 illum
2242 332 2326 360 esse
2345 321 2387 359 in
2406 321 2509 360 corni

2113 390 2195 423 tatu
2239 390 2430 423 uenerunt
2444 383 2461 422 *i

2114 453 2172 486 ter
2195 447 2270 486 diei
2289 453 2327 486 et
2346 446 2495 498 require

2115 510 2210 548 bant
2229 522 2317 548 eum
2339 509 2438 547 inter
2458 521 2536 559 cog

2115 578 2227 611 natos
2247 578 2284 610 et
2304 577 2420 617 notos
2457 570 2488 592 ⁴⁶
2502 577 2541 617 et

2115 647 2196 674 non
2217 635 2458 673 inuenientes

2114 709 2205 743 eum
2251 697 2414 747 regressi
2437 702 2526 736 sunt

2113 760 2154 798 in
2172 759 2402 799 hierusalem
2421 771 2462 799 re

2114 823 2310 875 quirentes
2329 834 2420 866 eum

2113 886 2142 907 ⁴⁶
2154 885 2206 925 Et
2226 886 2371 931 factum
2390 891 2447 925 est
2466 890 2555 936 post

2112 948 2303 989 triduum·
2344 948 2490 993 inuene»

2113 1018 2202 1050 runt
2221 1012 2328 1050 illum
2347 1012 2388 1050 in
2407 1017 2488 1056 tem

2114 1074 2181 1126 plo
2229 1074 2430 1113 sedentem
2448 1074 2490 1113 in

2114 1137 2244 1176 medio
2264 1137 2469 1183 doctorum
2483 1156 2493 1168 ·

2114 1200 2334 1239 audientem
2354 1200 2443 1246 illos

2114 1269 2152 1301 et
2171 1263 2434 1312 interrogante

2114 1325 2200 1364 illos
2216 1346 2225 1356 ·
2256 1325 2286 1347 ⁴⁷
2300 1325 2518 1376 Stupebant

2113 1394 2243 1427 autem
2262 1399 2401 1434 omnes
2420 1388 2491 1440 qui
2546 1423 2550 1427 .

2115 1462 2205 1489 eum
2225 1451 2435 1494 audiebant

2115 1525 2230 1564 super
2247 1513 2469 1564 prudetiamd

2598 334 2680 366 1³01.
2698 335 2761 367 90.

2115 1607 2153 1641 et
2171 1601 2368 1652 responsis
2387 1601 2469 1640 eius
2486 1621 2495 1632 ·

2115 1664 2144 1686 ⁴⁸
2155 1664 2207 1702 Et
2225 1664 2325 1703 uisio
2345 1664 2409 1702 illo
2431 1675 2590 1715 expaue:

2116 1733 2204 1766 runt
2219 1747 2229 1757 ·
2272 1726 2323 1772 Et
2343 1726 2439 1772 dixit
2457 1738 2531 1771 ma,

2115 1796 2172 1829 ter
2191 1790 2275 1828 eius
2293 1789 2344 1828 ad
2362 1790 2470 1833 illum

2115 1853 2169 1891 fili
2188 1852 2282 1904 quid
2300 1852 2426 1894 fecisti
2453 1864 2508 1891 no

2115 1916 2175 1954 bis
2195 1916 2250 1954 sic
2267 1936 2276 1946 ·
2307 1928 2399 1959 ecce
2418 1921 2532 1966 pater·-

2115 1984 2203 2017 tuus
2222 1985 2260 2018 et
2279 1991 2355 2029 ego
2374 1978 2491 2018 dolen

2114 2048 2172 2080 tes
2192 2048 2230 2083 et
2248 2042 2373 2080 tristes
2398 2053 2479 2093 que-

2115 2105 2295 2145 rebamus
2315 2111 2352 2143 te
2378 2104 2475 2146 ¹⁹Et-
2489 2104 2545 2145 ait

2115 2168 2165 2206 ad
2184 2168 2270 2206 illos
2290 2167 2384 2219 quid
2403 2174 2462 2209 est

2114 2231 2222 2282 quod
2241 2243 2303 2270 me
2323 2230 2493 2281 quereba

2113 2293 2162 2331 tis
2178 2314 2188 2324 ·
2232 2292 2401 2332 Nescitis
2420 2291 2529 2344 quod

2114 2355 2154 2393 in
2173 2355 2292 2406 patris
2312 2356 2389 2394 mei
2407 2361 2501 2407 op⁰r

2114 2424 2168 2456 tet
2187 2430 2251 2457 me
2271 2430 2358 2458 esse
2371 2438 2380 2448 ·
2410 2417 2441 2439 ⁵⁰
2452 2424 2490 2458 et
2509 2418 2586 2470 ipsi

2115 2493 2198 2520 non
2218 2481 2488 2520 intellexerunt

2115 2544 2280 2583 uerbum
2326 2543 2434 2595 quod
2454 2544 2496 2584 lo

2116 2611 2228 2645 cutus
2248 2612 2305 2646 est
2326 2607 2376 2645 ad
2395 2607 2483 2646 illos

2116 2668 2145 2691 ⁶¹
2157 2669 2208 2708 Et
2227 2669 2426 2709 descendit
2441 2682 2533 2710 cum
2550 2670 2583 2710 il

2115 2732 2162 2772 lis
2182 2740 2220 2772 et
2239 2733 2345 2773 uenit
2363 2733 2405 2772 in
2423 2746 2478 2774 na

2117 2795 2246 2835 zareth
2265 2801 2303 2835 et
2322 2802 2402 2836 erat
