2872 3268
97 296 179 331 1¹01.
195 297 256 332 ⁷2.

290 189 416 222 XXVI.
434 186 579 231 34-58]

299 295 405 347 quod
424 296 498 336 hac
517 303 608 336 note
631 308 681 335 an

292 365 454 409 tequam
476 359 600 409 gallus

289 427 420 460 cantet
436 442 445 451 ·
486 427 544 460 ter
562 433 626 459 me

289 484 454 534 negabis
467 504 477 513 ·
506 482 536 504 ⁸⁸
546 483 613 520 Ait
632 482 685 520 illi

289 551 422 596 petrus
460 545 576 584 etiam

292 608 327 646 si
345 619 408 646 me
432 614 598 657 oportue

289 669 335 707 rit
357 670 457 708 mori
469 677 598 708 tecum

288 743 371 770 non
390 738 428 770 te
448 732 602 781 negabo
617 750 627 760 ·

290 793 468 832 Similiter
487 800 617 831 autem

290 862 330 894 et
348 867 488 894 omnes
506 854 655 906 discipu

290 917 317 955 li
337 917 514 955 dixerunt
529 937 539 947 ·
557 937 567 947 ·

271 977 449 1018 *³⁶Tunc
471 979 577 1018 uenit
596 979 656 1017 ihs

270 1042 387 1081 *cum
405 1041 479 1080 illis
495 1062 504 1072 ·
542 1042 583 1080 in
603 1054 672 1092 pre

270 1102 401 1143 *dium
419 1103 527 1154 quod
545 1104 584 1143 di

271 1167 395 1206 *citur
413 1178 592 1217 gessema

271 1230 338 1268 *ni
350 1251 360 1260 ·
401 1236 440 1269 et
458 1229 548 1269 dicit
567 1229 626 1269 dis

271 1291 434 1345 *cipulis
453 1293 532 1331 suis
579 1304 621 1331 se

293 1355 381 1394 dete
399 1355 463 1394 hic
482 1355 609 1394 donec

294 1430 343 1457 eo
363 1417 453 1457 illuc
473 1430 583 1456 orare
598 1438 608 1448 ·

293 1481 323 1502 ³⁷
334 1480 386 1519 Et
405 1481 584 1519 adsumto
607 1486 718 1531 petro

293 1551 332 1583 et
350 1543 507 1582 duobus
526 1543 612 1582 filiis

294 1631 453 1670 zebedei
469 1651 478 1661 ·
518 1631 647 1682 coepit

294 1694 481 1733 cotristari
501 1700 540 1732 et
558 1706 643 1732 mes

293 1762 355 1795 tus
374 1769 459 1796 esse
475 1777 485 1787 ·
518 1756 547 1778 ³⁸
562 1756 679 1796 Tunc

294 1819 347 1859 ait
364 1819 438 1858 illis
486 1819 602 1858 tristis

291 1888 353 1922 'est
371 1882 543 1921 animam
562 1889 683 1921 mea-

291 1957 442 1996 usquae
461 1945 511 1983 ad
530 1951 689 1984 morte*
703 1965 713 1976 ·

293 2008 476 2047 sustinete
495 2008 558 2047 hic
577 2014 616 2046 et

293 2071 450 2122 uigilate
471 2083 628 2110 mecum
643 2091 653 2101 ·

293 2133 323 2156 ⁸⁹
335 2134 386 2172 Et
403 2146 627 2184 progressus
646 2145 700 2184 pu

294 2196 420 2235 sillum
436 2217 445 2226 ·
488 2197 599 2246 proci

295 2259 351 2298 dit
368 2259 409 2297 in
426 2258 566 2297 faciem
585 2265 687 2298 sua*
699 2279 708 2289 ·

296 2333 414 2360 orans
434 2328 473 2360 et
491 2321 627 2360 dicens
644 2342 653 2352 ·

295 2383 411 2422 Pater
431 2396 541 2422 meus
560 2385 591 2422 si
609 2396 685 2435 pos

296 2446 406 2486 sibile
424 2452 483 2485 est
517 2453 625 2485 trans

298 2514 381 2547 seat
399 2521 423 2546 a
441 2521 505 2547 me
525 2510 624 2548 calix
644 2509 678 2548 is

298 2578 337 2610 te
353 2592 363 2601 ·
408 2570 485 2609 Sed
504 2577 638 2610 tamen

297 2645 381 2672 non
400 2633 497 2671 sicut
515 2645 591 2682 ego
605 2645 657 2672 uo

298 2696 338 2735 lo
359 2695 428 2734 sed
446 2695 545 2734 sicut
562 2701 603 2732 tu
619 2715 629 2725 ·

299 2759 330 2780 ¹⁰
340 2759 391 2797 Et
409 2757 514 2796 uenit
534 2757 585 2795 ad
604 2757 699 2796 disci

299 2821 412 2872 pulos
431 2831 523 2858 suos
542 2825 580 2857 et
599 2819 639 2857 in

300 2884 406 2924 uenit
424 2895 491 2922 eos
510 2881 635 2920 dormi

536 2951 644 2983 entes

1132 179 1223 218 MA
1235 170 1451 218 TTHEU
1460 198 1469 208 ·

800 294 850 334 Et
869 295 921 334 ait
939 300 1051 345 petro
1065 314 1074 324 ·
1115 294 1171 332 sic

798 369 880 396 non
898 357 1074 407 potuistis
1092 368 1119 394 u

797 431 848 457 na
868 419 963 458 hora
982 418 1142 468 uigilare

795 492 950 519 mecum
966 501 975 510 ·
1004 479 1162 530 ssuigila

794 547 832 580 te
852 548 891 581 et
913 548 1017 580 orate
1036 548 1078 580 ut
1096 549 1172 580 n0n

795 603 942 642 intretis
961 604 1001 642 in
1020 610 1100 642 tem

795 666 983 704 tationem
999 686 1008 696 ·
1049 669 1116 715 sps

795 727 953 778 quidem
971 734 1147 778 promtus

796 801 890 828 caro
909 796 1039 828 autem
1058 790 1146 828 infir

797 865 885 890 ma·
915 852 944 874 ⁴²
956 852 1102 890 Iterum
1121 864 1163 891 se

798 914 929 954 cundo
950 915 1085 954 abiens
1103 927 1129 954 o

799 977 897 1016 rauit
915 977 1051 1016 dicens
1065 998 1074 1007 ·

799 1039 913 1078 Pater
932 1051 1043 1078 meus
1062 1040 1094 1078 si
1117 1047 1191 1078 n0n

799 1107 929 1152 potest
947 1102 1024 1140 hoc
1046 1108 1131 1140 tran

799 1165 874 1203 sire
894 1177 918 1203 a
935 1176 1000 1203 me
1018 1163 1091 1203 nisi
1110 1164 1136 1202 il

799 1226 867 1265 lud
887 1226 1019 1265 bibam
1062 1227 1129 1266 fiat

798 1289 993 1328 uolumtas
1013 1296 1078 1328 tua
1094 1310 1104 1319 ·

798 1351 827 1373 ‘⁸
841 1351 893 1390 Et
910 1352 1072 1390 ueniens
1091 1351 1181 1390 inue

798 1415 855 1452 nit
873 1426 942 1453 eos
960 1415 1099 1452 iterum

799 1476 1037 1516 dormientes
1052 1497 1061 1507 ·

798 1545 909 1578 erant
927 1539 1032 1578 enim

801 1627 905 1666 oculi
924 1639 1060 1667 eorum
1079 1639 1150 1678 gra

802 1690 880 1729 uati
896 1711 905 1721 ·
935 1690 965 1712 ⁴⁴
978 1697 1016 1729 et
1033 1691 1175 1730 relictis

800 1753 873 1791 illis
892 1753 1027 1792 abiens
1047 1765 1118 1792 ora

800 1816 856 1854 uit
874 1816 1011 1854 iterum
1030 1816 1140 1854 tertio

800 1878 968 1917 eundem
988 1890 1117 1917 sermo

799 1953 891 1980 nem
910 1941 1047 1980 dicens
1060 1961 1070 1972 ·

797 2004 827 2025 ⁴⁶
842 2004 958 2043 Tunc
976 2004 1084 2043 uenit
1103 2003 1154 2043 ad
1172 2003 1231 2043 dis

799 2067 950 2117 cipulos
969 2074 1007 2106 et
1027 2068 1118 2106 dicit

798 2130 853 2168 eis
866 2150 876 2160 ·
905 2129 1071 2168 dormite
1089 2130 1167 2169 iam

799 2199 837 2231 et
851 2193 1077 2243 requiescite
1093 2213 1102 2223 ·

798 2267 890 2294 ecce
910 2256 948 2294 ia
967 2255 1131 2306 adpropi

799 2318 879 2356 auit
897 2318 994 2357 hora
1039 2324 1079 2356 et
1097 2318 1149 2356 fili

799 2393 845 2419 us
864 2380 1034 2419 hominis
1053 2387 1111 2418 tra

800 2443 913 2481 detur
931 2443 972 2481 in
990 2455 1132 2482 manus

762 2550 768 2556 ⁵
798 2511 1052 2558 peccatorum
1068 2526 1077 2536 ·

800 2568 829 2589 ⁴⁰
841 2568 983 2618 surgite
1001 2579 1136 2606 eamus

802 2642 892 2669 ecce
911 2629 1156 2680 adpropiauit

802 2693 868 2742 qui
886 2704 950 2729 me
970 2692 1096 2730 tradet
1111 2712 1121 2721 ·

801 2754 886 2793 ⁴⁷Et
898 2753 1024 2793 adhuc
1036 2766 1083 2792 eo
1095 2754 1269 2805 loquente

802 2829 894 2856 ecce
912 2816 1022 2863 iudas
1039 2828 1140 2855 unus

804 2879 854 2918 de
874 2879 1082 2918 duodecim
1101 2879 1207 2918 uenit

1335 299 1373 331 et
1392 301 1482 330 cum
1502 303 1550 330 eo
1569 292 1682 330 turba

1335 355 1456 392 multa
1474 366 1564 392 cum
1583 354 1649 403 gla

1335 416 1407 455 diis
1426 423 1465 454 et
1483 416 1644 454 fustibus

1334 478 1443 517 missi
1462 490 1485 516 a
1503 478 1670 528 principi

1334 541 1407 578 bus
1430 540 1637 579 sacerdotfi

1332 608 1370 641 et
1389 603 1603 641 senioribus

1333 665 1468 716 populi
1483 686 1491 695 ·
1521 665 1626 716 48qui
1646 677 1695 703 au

1334 734 1414 766 tem
1433 727 1588 766 tradidit
1606 731 1655 766 esi

1335 790 1441 829 dedit
1458 790 1530 828 illis
1548 791 1663 840 signu

1336 853 1471 892 dicens
1508 857 1677 903 quemcii

1336 928 1412 965 que
1432 915 1630 954 osculatus

1338 978 1446 1017 fuero
1464 979 1547 1028 ipse
1566 985 1625 1017 est

1338 1047 1467 1079 tenete
1485 1053 1576 1079 eum
1593 1061 1602 1071 ·
1631 1041 1660 1062 ⁴⁹
1672 1040 1724 1079 Et

1339 1104 1547 1143 confestim
1566 1116 1658 1143 acce

1340 1167 1437 1206 dens
1457 1167 1506 1205 ad
1525 1167 1606 1204 ihm
1626 1166 1721 1205 dixit
1741 1186 1750 1196 ·

1339 1230 1441 1268 haue
1459 1230 1568 1268 rabbi
1581 1250 1591 1259 ·
1631 1235 1670 1268 et
1688 1241 1734 1268 os

1339 1293 1488 1331 culatus
1507 1299 1566 1331 est
1584 1303 1674 1330 eum
1687 1312 1696 1322 ·

1338 1354 1369 1377 ⁵⁰
1380 1356 1435 1394 At
1451 1355 1510 1394 ihs
1529 1355 1623 1393 dixit
1641 1354 1692 1392 illi
1705 1374 1714 1383 ·

1339 1419 1462 1457 amice
1482 1430 1505 1457 a
1523 1417 1629 1468 quod
1651 1429 1700 1456 ue

1339 1482 1454 1520 nisti·
1495 1487 1588 1520 tunc
1608 1492 1703 1518 acce

1339 1543 1478 1583 dentes
1497 1554 1637 1581 manus
1660 1542 1700 1580 in

1338 1631 1510 1669 iecerunt
1527 1631 1567 1668 in
1586 1630 1668 1668 ihm

1339 1700 1378 1732 et
1396 1700 1601 1732 tenuerunt
1619 1698 1669 1733 εὖ

1340 1757 1367 1778 ⁵1
1379 1757 1431 1795 Et
1445 1769 1537 1795 ecce
1556 1769 1657 1796 unus
1677 1769 1726 1796 ex
1746 1756 1805 1796 his

1338 1819 1405 1870 qui
1424 1825 1533 1858 erant
1552 1832 1642 1858 cum

1338 1883 1404 1920 ihu
1426 1882 1642 1921 extendens

1337 1956 1498 1982 manum
1517 1945 1660 1983 exemit

1337 2007 1509 2058 gladium
1529 2019 1642 2045 suum
1659 2028 1669 2038 ·

1337 2076 1375 2108 et
1394 2070 1582 2120 percussit
1602 2082 1661 2109 ser

1336 2144 1431 2171 uum
1450 2132 1634 2183 principis

1339 2194 1587 2233 sacerdotum
1604 2216 1612 2225 ·
1646 2202 1686 2235 et

1339 2257 1554 2307 amputauit
1572 2258 1654 2297 auri

1340 2320 1468 2358 culam
1488 2321 1570 2358 eius
1589 2340 1598 2350 ·

1339 2381 1369 2403 ⁶²
1382 2382 1497 2421 Tunc
1517 2383 1569 2420 ait
1587 2383 1639 2421 illi
1657 2383 1716 2422 ihs

1338 2451 1523 2483 conuerte
1541 2445 1647 2496 gladi

1337 2519 1406 2546 um
1424 2514 1533 2546 tuum
1552 2509 1592 2545 in
1611 2509 1701 2547 loco

1339 2582 1411 2608 suo
1427 2590 1436 2599 ·
1479 2581 1617 2608 omnes

1339 2631 1444 2670 enim
1463 2632 1530 2681 qui
1549 2631 1673 2683 accipi

1339 2700 1409 2731 unt
1427 2693 1599 2743 gladium
1615 2715 1624 2724 ·

1340 2756 1470 2806 gladio
1484 2757 1664 2806 peribunt
1676 2777 1686 2788 ·

1341 2818 1370 2839 ⁶³
1380 2818 1459 2856 Aut
1477 2831 1557 2857 non
1576 2827 1690 2869 putas

1343 2892 1458 2931 posse
1478 2893 1541 2920 me
1560 2882 1680 2921 modo

2242 190 2296 235 37

1836 303 1978 342 rogare
1997 299 2138 343 patre-

1836 366 1967 392 meum
1984 376 1993 385 ·
2036 362 2074 394 et
2091 356 2180 395 exhi

1837 417 1942 455 bebit
1961 418 2055 456 mihi
2074 419 2162 468 plus

1837 491 1955 529 quam
1977 479 2142 519 duodeci

1836 541 2010 592 legiones
2028 555 2130 593 ange

1835 603 1962 643 lorum
1976 625 1985 634 ·
2014 604 2044 626 ⁶⁴
2055 612 2197 655 quom⁰

1837 666 1889 705 do
1908 679 2001 717 ergo
2025 667 2142 718 imple

1836 730 1979 768 buntur
1997 730 2097 781 scrip

1837 798 1945 830 turae
1964 792 2054 843 quia
2073 793 2129 832 sic

1838 862 1990 905 oportet
2010 855 2090 895 fieri
2103 857 2122 884 S

1838 918 1868 939 ⁶⁵
1881 918 1929 955 In
1947 918 2011 956 illa
2029 930 2099 957 ora
2117 918 2211 958 dixit

1839 981 1898 1019 ihs
1921 981 2042 1020 turbis
2058 1002 2067 1011 ·
2101 981 2143 1020 Si

1840 1050 1906 1083 cut
1924 1044 1974 1082 ad
1993 1044 2142 1084 latrone

1840 1106 2000 1145 uenistis
2019 1119 2111 1145 cum

1840 1169 1977 1220 gladiis
1997 1176 2035 1208 et
2053 1169 2143 1208 fusti

1842 1233 1914 1270 bus
1933 1231 2152 1282 conprehen

1841 1293 1932 1332 dere
1950 1306 2035 1332 me·
2067 1294 2171 1333 Cotti

1842 1356 1903 1395 die
1922 1357 2027 1407 apud
2045 1368 2117 1396 uos
2138 1369 2180 1396 se

1842 1418 1983 1457 debam
2001 1419 2041 1457 in
2060 1425 2139 1457 tem

1842 1481 1908 1532 plo
1929 1481 2070 1520 decen*3
2088 1488 2126 1520 et
2143 1487 2220 1520 n⁰n

1843 1556 1906 1582 me
1925 1544 2098 1583 tenuistis
2114 1565 2123 1574 ·

1839 1630 1868 1653 ⁶⁶
1881 1630 1974 1670 Hoc
1994 1638 2124 1671 autem
2143 1638 2268 1671 totum

1838 1693 1984 1732 factum
2003 1701 2060 1732 est
2075 1715 2085 1725 ·
2125 1701 2166 1732 ut
2184 1695 2238 1733 im

1839 1756 2033 1806 plerentur
2052 1757 2152 1807 scrip

1839 1825 1945 1857 turae
1964 1819 2191 1869 profetaru-
2205 1840 2215 1851 ·

1841 1881 1957 1920 Tunc
1977 1882 2152 1932 discipuli
2171 1894 2238 1922 om

1840 1955 1911 1982 nes
1948 1944 2130 1983 derelicto
2149 1956 2198 1984 eo

1840 2005 2021 2056 fugerunt
2034 2027 2044 2037 ·
2073 2006 2164 2047 ⁵⁷At
2176 2007 2230 2046 illi

1840 2075 2015 2108 tenentes
2036 2069 2117 2108 ihm
2133 2091 2143 2101 ·

1840 2131 2044 2171 Duxerunt
2062 2132 2112 2171 ad
2131 2133 2214 2172 caia

1841 2193 1907 2232 fan
1929 2194 2145 2245 principem

1842 2256 2090 2295 sacerdotum
2104 2278 2113 2287 ·
2161 2256 2200 2296 U

1842 2319 1881 2357 bi
1902 2320 2048 2358 scribae
2068 2325 2106 2358 et
2125 2319 2209 2359 seni

1843 2393 1930 2420 ores
1950 2389 2233 2421 conuenerant·

1843 2443 1872 2465 ⁶⁸
1885 2444 2020 2482 Petrus
2039 2451 2168 2483 autem
2188 2446 2279 2497 seq‘·

1842 2507 1954 2544 batur
1973 2519 2063 2545 eum
2082 2519 2106 2546 a
2124 2508 2254 2559 longe,

1841 2581 1962 2620 usque
1981 2570 2022 2607 in
2041 2570 2179 2609 atrium

1841 2632 2025 2682 principis
2038 2634 2200 2672 sacerdo

1841 2700 1924 2733 tum
1940 2715 1949 2724 ·
1990 2701 2028 2733 et
2045 2695 2174 2746 ingres
2196 2695 2238 2735 in

1839 2763 1900 2796 tro
1916 2777 1926 2787 ·
1969 2758 2129 2797 sedebat
2147 2765 2230 2797 cu·-

1840 2820 2024 2860 ministris
2042 2827 2085 2860 ut
2102 2822 2192 2861 uide

1844 2889 1901 2922 ret
1920 2883 2067 2922 exitum
2086 2885 2139 2923 rei
2156 2905 2164 2915 ·
2183 2905 2193 2916 ·
2212 2907 2264 2914 —

2318 307 2399 339 Fol.
2415 307 2474 341 73.
