2872 3268
604 288 713 317 XXX

1268 275 1428 317 [ΝΜ
1435 275 1515 315 OD
1522 267 1764 319 UCTJON'.

608 386 771 427 Selecled
783 388 959 438 readings
969 389 1051 427 and
1063 389 1284 439 renderz'ngs
1302 391 1342 428 in
1357 390 1482 430 which
1547 391 1711 431 Selected
1720 391 1900 441 readings
1911 391 1992 430 and
2000 392 2221 444 renderz-'ngs
2236 393 2278 431 in
2291 394 2415 432 which

771 453 791 492 f
804 467 832 506 q
851 455 1078 506 dzfferfrom
1097 455 1184 494 each
1204 456 1316 496 other.

609 519 720 559 Matt.
739 520 785 558 vi.

1711 457 1732 495 f
1771 470 1798 508 q
1843 470 1910 495 are
1950 458 2091 507 agreed
2122 459 2281 508 against
2313 459 2418 498 other

1709 521 1913 573 European
1932 526 2044 561 texts.

664 597 700 637 5.
728 592 861 625 amant
899 591 997 625 stare
1036 586 1076 624 in
1114 586 1326 637 synagogis
1363 593 1401 625 et
1438 587 1478 626 in
1548 589 1592 628 vi.
1625 602 1647 636 4
1684 589 1764 628 and
1799 590 1834 627 6.
1869 587 2005 627 reddet
2030 587 2100 626 tibi
2134 588 2175 627 in
2206 588 2415 630 manifesto

770 651 922 701 angulis
936 651 1150 702 platearum
1163 658 1308 691 stantes
1316 651 1476 691 adorare

769 730 793 754 a
814 714 1042 769 b(d)(k)q·

822 794 891 820 om.
910 782 1059 833 stares
1067 781 1155 820 Am.

637 1085 696 1125 15.
725 1076 946 1116 remiseritis
967 1106 975 1115 .
996 1107 1004 1115 .
1023 1077 1190 1117 remittet
1207 1091 1232 1117 a
1251 1079 1272 1117 b
1293 1078 1315 1115 k
1333 1092 1366 1128 q.

823 1142 1040 1182 dimiseritis
1061 1172 1069 1181 .
1089 1171 1097 1181 .
1118 1143 1283 1182 dimittet
1287 1145 1334 1196 s
1339 1144 1425 1183 Am.

639 1209 697 1246 16.
727 1207 871 1247 habent
889 1208 1118 1259 mercedem,
1133 1220 1244 1248 suam
1263 1223 1288 1248 a
1307 1210 1328 1248 b
1347 1223 1379 1260 q.

822 1281 1080 1324 perceperunt
1086 1276 1133 1326 f

822 1346 1054 1390 receperunt
1071 1339 1159 1379 Am.

823 1405 1021 1444 consecuti
1044 1412 1134 1444 sunt
1153 1406 1186 1444 k.

639 1479 696 1519 17.
728 1477 767 1508 tu
788 1499 796 1508 .
817 1500 825 1508 .
847 1482 936 1510 cum
956 1471 1106 1510 ieiunas
1125 1485 1149 1522 q
1167 1471 1255 1510 Am.

825 1542 867 1574 tu
887 1564 895 1573 .
917 1565 925 1574 .
945 1535 1122 1576 ieiunans
1125 1537 1172 1587 f

823 1613 897 1640 uos
918 1631 926 1639 .
947 1631 955 1639 .
976 1614 1067 1641 cum
1085 1602 1264 1642 ieiunatis
1282 1616 1307 1641 a
1326 1604 1358 1642 b.

824 1679 897 1705 uos
918 1696 926 1705 .
947 1697 955 1705 .
976 1667 1190 1707 ieiunantes
1210 1669 1243 1706 k.

639 1744 685 1781 19
707 1730 913 1783 (similarly
932 1744 966 1788 fa.
990 1732 1069 1784 20).

714 1798 782 1836 ubi
794 1810 914 1849 erugo
934 1804 972 1837 et
991 1799 1096 1838 tinea
1110 1807 1149 1838 et
1170 1805 1393 1839 comestura
1414 1812 1482 1838 ex·-

825 1865 1004 1903 terminat
1023 1878 1056 1914 q.

769 1930 835 1968 ubi
848 1942 970 1980 erugo
990 1936 1028 1968 et
1048 1931 1151 1969 tinea
1171 1931 1400 1970 exterminat
1418 1944 1442 1969 a
1461 1931 1483 1969 b

824 1995 873 2046 cf
881 1995 970 2033 Am.

770 2060 837 2099 ubi
852 2061 956 2099 tinea
976 2067 1014 2099 et
1032 2072 1154 2111 erugo
1170 2061 1430 2100 exterminant
1435 2062 1481 2111 f

770 2127 837 2164 ubi
885 2127 989 2166 tinea
1033 2133 1072 2165 et
1119 2132 1339 2166 comestura
1382 2133 1482 2166 eter-

822 2192 972 2231 minant
992 2191 1026 2229 k.

1691 654 1781 704 sq·

1761 731 1814 758 re.
1834 719 1871 758 ti.
1892 718 1931 756 in
1950 718 2080 769 palam
2099 732 2124 757 a
2142 719 2174 757 b.

1760 784 1895 824 reddet
1912 783 1980 822 tibi
1998 784 2028 821 d
2040 784 2064 821 k
2083 783 2171 824 Am.

1577 886 1635 912 10.
1665 873 1732 912 fiat
1745 872 1925 912 uoluntas
1938 878 2006 911 tua
2025 872 2123 911 sicut
2137 872 2177 911 in
2192 873 2300 912 caelo
2316 880 2354 913 et
2373 874 2414 913 in

1707 938 1857 988 terras
1865 950 1889 988 q
1906 936 1995 976 Am.

1760 1016 1828 1042 om.
1844 1004 1942 1042 sicut
1959 1015 1983 1041 a
2002 1003 2023 1041 b
2041 1002 2075 1041 k.

1578 1083 1593 1108 1
1601 1083 1635 1120 3.
1665 1069 1867 1120 Doxology
1886 1071 1926 1107 in
1945 1069 2003 1107 the
2020 1068 2159 1107 Lord's
2177 1069 2380 1120 Prayers
2388 1083 2411 1120 q

1763 1133 1831 1187 (k),
1850 1148 1904 1174 see
1921 1134 2042 1184 above,
2054 1140 2096 1184 p.
2115 1135 2205 1174 xxii.

660 2267 724 2320 (T
716 2269 775 2307 his
803 2269 838 2307 is
865 2282 890 2306 a
917 2280 1006 2316 very
1023 2269 1124 2306 clear
1142 2269 1293 2319 conflate
1319 2270 1490 2320 reading,
1514 2270 1594 2308 and
1616 2269 1736 2308 shews
1764 2268 1822 2308 the
1849 2269 2057 2307 occasional
2082 2268 2267 2306 z‘ntrusz'on
2292 2267 2343 2318 of
2360 2279 2410 2306 an

823 2334 993 2384 African
1011 2335 1159 2372 clement
1175 2335 1251 2372 into
1269 2333 1323 2386 q.)

636 2428 696 2455 21.
725 2416 956 2456 thensaurus
974 2422 1064 2455 tuus
1089 2445 1096 2454 .
1118 2446 1127 2455 .
1147 2428 1214 2455 cor
1238 2422 1348 2454 tuum
1374 2413 1432 2468 (a)
1452 2416 1474 2455 b
1541 2450 1544 2454 .
1574 2450 1578 2453 .

878 2481 902 2519 k
914 2494 939 2532 q
955 2481 1044 2520 Am.

827 2547 1058 2587 thensaurus
1076 2552 1204 2586 uester
1235 2576 1243 2586 .
1264 2576 1274 2586 .
1303 2559 1373 2585 cor
1392 2559 1480 2586 ues-

878 2619 980 2651 trum
984 2612 1030 2663 f

639 2689 700 2716 22.
730 2677 887 2716 lucerna
900 2678 1073 2728 corporis
1087 2678 1140 2716 tui
1156 2684 1214 2717 est
1232 2677 1370 2717 oculus
1389 2684 1478 2717 tuus

878 2756 902 2780 a
922 2743 943 2782 b
963 2742 1019 2795 (k)
1038 2756 1072 2794 q.

790 2820 857 2847 om.
881 2807 934 2846 tui
953 2809 1034 2846 and
1047 2815 1136 2848 tuus
1141 2809 1185 2858 s
1195 2809 1284 2849 Am.
