2872 3268
275 193 400 225 XXIV.
418 192 559 234 18—48.]

78 304 162 337 ποι.
177 304 240 336 84.
272 306 333 338 tro
351 300 485 340 tollere
504 307 546 339 tu

272 362 402 401 nicam
421 374 532 402 suam
548 383 557 394 ·

271 423 301 446 ¹⁹
313 424 400 464 Uae
419 432 550 464 autem
570 438 667 477 preg

270 488 452 527 nantibus
471 495 509 527 et
528 501 582 527 nu

268 549 470 589 trientibus
487 551 528 589 in

268 611 340 651 illis
359 613 494 651 diebus
510 634 520 643 ·

266 672 297 695 ²⁰
309 674 428 714 Orate
448 682 577 715 autem
595 682 638 714 ut

266 748 350 776 non
368 737 434 776 fiat
453 738 546 789 fuga

265 806 394 839 uestra
413 799 540 839 hieme

263 861 328 900 uel
350 863 511 901 sabbato
525 882 534 893 ·

263 921 292 944 ²²
304 924 389 962 Erit
407 925 513 963 enim
532 930 624 963 tunc

261 986 454 1034 tribulatio
477 999 570 1037 mag

263 1061 315 1087 na
338 1049 462 1099 qualis
486 1061 569 1088 non

262 1110 332 1150 fuit
350 1112 400 1150 ab
419 1112 527 1150 initio
548 1124 591 1151 se

262 1174 339 1214 culi
356 1187 479 1225 usque
498 1187 567 1214 mo

260 1236 314 1276 do
333 1249 459 1287 neque
478 1237 544 1276 fiet
557 1257 566 1267 ·

259 1297 352 1338 8²Et
370 1300 444 1338 nisi
467 1300 540 1338 dfis
561 1300 667 1339 breui

259 1368 363 1402 asset
382 1362 464 1401 dies
482 1362 568 1401 illos

259 1436 342 1463 non
360 1425 468 1463 fieret
486 1424 542 1463 sal

258 1499 310 1526 ua
327 1487 428 1526 omis
447 1499 539 1526 caro

258 1575 329 1614 sed
347 1581 507 1626 propter
526 1576 608 1615 elec

257 1645 320 1677 tos
335 1638 608 1676 breuiabuntur

259 1701 342 1740 dies
357 1701 431 1738 illi·
460 1699 489 1721 ²³
502 1700 617 1740 Tunc

259 1764 292 1801 si
311 1763 396 1815 quis
414 1763 527 1802 uobis
555 1763 645 1802 dixe

259 1826 307 1864 rit
326 1838 419 1865 ecce
438 1824 501 1864 hic
520 1829 595 1875 xps

257 1887 351 1927 ecce
370 1888 444 1927 illic
460 1888 581 1927 nolite

258 1951 415 1990 credere
431 1971 441 1981 ·
459 1971 468 1981 ·
499 1949 530 1972 ²⁴
544 1950 618 1989 Sur

257 2019 353 2063 gent
371 2012 476 2051 enim
495 2012 646 2063 pseodo

257 2075 326 2125 xpi
342 2096 352 2105 ·
381 2081 419 2114 et
437 2075 661 2125 pseodopro

255 2137 357 2177 fetae
372 2158 382 2168 ·
422 2144 461 2176 et
479 2137 626 2176 dabunt

257 2201 368 2251 signa
387 2212 532 2251 magna
552 2207 589 2239 et
608 2212 680 2251 pro

256 2263 359 2314 digia
374 2284 384 2293 ·
427 2263 487 2301 Ita
506 2270 548 2301 ut
567 2263 668 2302 iner

254 2338 341 2364 rore
359 2326 589 2365 inducantur
602 2346 612 2356 ·

255 2388 297 2427 Si
316 2389 397 2427 fieri
415 2395 543 2439 potest
561 2388 669 2427 etia-

254 2451 366 2490 electi
380 2471 389 2481 ·
432 2449 461 2472 ²⁵
473 2463 565 2490 ecce
584 2463 677 2502 prae

253 2513 334 2551 dixi
351 2513 465 2552 uobis
479 2534 487 2543 ·
517 2511 545 2534 ²⁶
557 2513 597 2552 Si
616 2526 666 2552 au

253 2581 334 2613 tem
352 2575 517 2613 dixerint
534 2576 646 2614 uobis
662 2596 671 2607 ·

254 2649 348 2676 eece
367 2638 407 2675 in
427 2637 631 2676 solitudine

253 2706 313 2738 est
326 2720 335 2729 ·
375 2700 493 2738 nolite
513 2700 619 2738 exire
632 2720 642 2730 ·

253 2774 347 2801 ecce
367 2761 408 2800 in
430 2761 612 2801 domibus

1067 191 1156 229 MA
1170 191 1443 234 TTHEUM.

775 299 895 339 nolite
915 302 1072 341 credere

774 361 805 384 ²⁷
818 362 925 401 Sicut
944 364 1050 402 enim
1075 364 1203 415 fulgor

774 425 851 463 exit
871 426 920 463 ab
939 426 1086 464 oriente
1133 434 1171 466 et

773 494 883 537 paret
901 500 1023 538 usque
1042 488 1091 527 ad
1111 502 1161 528 oc

774 549 967 588 cidentem
982 571 991 581 ·
1035 551 1095 590 Ita
1113 547 1182 591 erit

772 611 962 651 aduentus
982 612 1034 650 fili
1052 613 1105 652 ho

771 675 886 712 minis
902 695 911 705 ·
953 673 982 696 ²⁸
995 675 1167 715 Ubicum

770 748 846 786 que
866 738 971 775 enim
991 737 1104 777 suerit

769 810 893 848 copus
912 799 986 838 illic
1003 813 1148 852 congre

768 862 962 911 gabuntur
980 864 1133 913 aquilae
1146 885 1155 895 ·

767 921 796 945 ²⁹
811 923 946 963 Statim
966 933 1096 964 autem
1115 935 1206 977 post

767 987 1050 1027 tribulationem
1071 989 1133 1027 die

766 1061 853 1087 rum
871 1050 1025 1089 illorum
1040 1072 1049 1082 ·
1095 1052 1162 1091 Sol

766 1112 1035 1151 obscurabitur
1049 1134 1057 1143 -
1101 1122 1139 1153 et

765 1173 857 1213 luna
877 1187 958 1214 non
977 1175 1082 1215 dabit
1101 1177 1141 1216 lu

765 1248 858 1288 men
877 1249 990 1275 suum
1004 1259 1013 1268 ·
1054 1245 1093 1277 et
1113 1240 1179 1278 stel

763 1298 823 1337 lae
843 1300 984 1338 cadent
1003 1301 1051 1339 de
1070 1303 1178 1342 caelo
1194 1324 1203 1333 ·

764 1360 816 1399 Et
833 1362 992 1401 uirtutes
1011 1363 1167 1403 caelorfl

764 1426 1115 1464 commouebuntur
1127 1447 1137 1457 ·

761 1485 792 1507 ⁸⁰
798 1486 850 1525 Et
861 1492 954 1526 tunc
963 1489 1109 1538 parebit
1117 1491 1230 1540 signi-1

762 1573 815 1611 fili
833 1573 1003 1614 hominis
1026 1577 1066 1614 in
1086 1578 1195 1617 caelo
1208 1601 1217 1610 ·

762 1635 815 1675 Et
832 1643 924 1676 tunc
944 1638 1131 1689 plangent
1150 1653 1191 1680 se

762 1710 900 1738 omnes
919 1701 1037 1739 tribus
1059 1708 1157 1741 terre

760 1761 812 1800 Et
830 1763 1018 1802 uidebunt
1036 1764 1156 1803 filium

761 1824 928 1863 hominis
947 1827 1127 1866 ueniente

760 1887 799 1924 in
819 1888 987 1927 nubibus
1008 1889 1104 1928 caeli
1117 1911 1126 1920 ·

762 1949 863 1988 Cum
882 1951 1021 1990 uirtute
1039 1958 1078 1990 et
1096 1952 1162 2002 glo

759 2012 816 2051 ria
838 2012 980 2051 multa·
1009 2013 1037 2035 ³1
1050 2013 1102 2052 Et
1121 2015 1189 2054 mit

759 2081 814 2113 tet
833 2076 992 2125 angelos
1013 2088 1103 2116 suos

759 2149 850 2176 cum
868 2139 961 2177 tuba
979 2145 1018 2177 et
1036 2151 1136 2178 uoce

757 2212 903 2250 magna
983 2208 1020 2240 et
1039 2214 1185 2252 congre

755 2264 904 2312 gabunt
922 2263 1066 2303 electos
1088 2265 1170 2303 eius
1182 2285 1192 2295 ·

755 2337 780 2363 a
797 2331 978 2376 quattuor
995 2327 1120 2365 uentis
1136 2347 1146 2357 ·

756 2388 793 2426 A
813 2389 966 2427 summis
986 2389 1181 2428 caelorum

754 2462 878 2501 usque
899 2451 949 2490 ad
967 2452 1151 2490 terminos

756 2525 894 2551 eorum
907 2534 929 2544 ··
987 2513 1090 2552 Cum
1111 2526 1184 2554 coe

755 2575 882 2625 perint
900 2575 998 2614 haec
1018 2576 1150 2614 omnia

756 2637 837 2675 fieri
853 2658 862 2667 ·
902 2638 1078 2687 respicite

755 2705 794 2737 et
813 2699 959 2737 eleuate
980 2705 1096 2749 caput
1112 2720 1121 2730 ·

755 2766 851 2812 qfim
870 2762 1074 2813 adpropiat
1092 2775 1133 2801 re

1315 305 1460 344 demtio
1480 313 1609 345 uestra
1623 328 1631 337 ·

1312 365 1342 387 ⁸²
1354 367 1389 404 A
1404 367 1501 406 facie
1522 376 1652 407 autem
1671 370 1766 409 arbo

1311 429 1362 466 ris
1382 429 1444 468 fici
1464 430 1596 470 discite

1311 492 1537 540 parabolam
1554 514 1563 524 ·
1605 494 1700 533 Cu*

1310 553 1387 592 iam
1406 567 1536 593 ramus
1555 557 1660 595 eeius

1309 621 1418 654 tener
1436 616 1546 655 fuerit
1565 625 1603 657 et

1308 677 1401 716 folia
1419 687 1627 719 nascuntur
1645 700 1653 712 ·

1309 740 1413 779 scitis
1432 743 1524 791 quia
1543 755 1667 793 prope

1306 808 1364 841 est
1383 811 1508 842 aestas
1523 825 1532 834 ·
1561 804 1590 825 ⁵³
1604 805 1666 844 Sic

1306 872 1345 904 et
1363 878 1436 905 uos
1456 879 1546 905 cum
1565 868 1655 907 uide

1304 928 1384 966 ritis
1403 930 1536 967 omnia
1555 929 1652 969 haec
1670 952 1679 961 ·

1304 992 1528 1040 cognoscite
1547 996 1642 1042 qum

1303 1065 1427 1103 prope
1447 1060 1505 1093 est
1524 1054 1563 1092 in
1583 1055 1675 1093 limi.

1303 1127 1352 1153 ne
1369 1136 1378 1145 ·
1408 1119 1433 1157 †
1444 1115 1473 1137 ⁸⁴
1484 1116 1615 1155 Amen
1634 1117 1725 1157 dico

1301 1178 1415 1217 uobis
1435 1179 1525 1228 quia
1544 1191 1624 1217 non

1300 1241 1495 1290 preteribit
1514 1241 1611 1280 haec

1300 1304 1500 1352 genaratio
1521 1304 1644 1343 donec

1299 1366 1431 1403 omnia
1450 1366 1547 1404 haec
1567 1366 1661 1405 fiant

1298 1427 1328 1449 ⁸⁶
1341 1428 1504 1467 Caelum
1524 1435 1561 1467 et
1579 1435 1679 1468 terra

1299 1491 1505 1530 transsient
1520 1512 1530 1522 ·
1577 1504 1646 1531 uer

1298 1579 1350 1617 ba
1368 1591 1462 1617 uero
1482 1591 1570 1618 mea
1586 1601 1595 1610 ·
1635 1592 1717 1619 non

1297 1642 1561 1691 praeteribunt
1579 1662 1589 1672 ·

1297 1703 1387 1742 ³⁶De
1396 1704 1456 1742 die
1463 1711 1593 1743 autem
1599 1704 1662 1743 illa
1670 1704 1764 1744 etho

1296 1779 1338 1805 ra
1357 1778 1475 1805 nemo
1495 1767 1566 1806 scit
1581 1788 1591 1798 ·
1634 1768 1734 1818 neqS

1296 1828 1422 1878 angeli
1437 1829 1636 1867 caelorum
1654 1851 1661 1859 -

1296 1903 1422 1941 neque
1442 1891 1541 1929 filius
1581 1891 1655 1930 nisi

1294 1959 1402 2002 pater
1422 1953 1528 1992 solus
1544 1974 1553 1984 ·
1572 1975 1580 1984 ·

1294 2013 1324 2037 ⁸⁷
1337 2015 1442 2054 Sicut
1461 2023 1591 2054 autern
1610 2015 1651 2053 in
1670 2014 1732 2054 die

2229 213 2283 256 33

1817 307 1871 347 sic
1891 310 1961 347 erit
1981 311 2170 352 aduentus

1815 369 1869 407 fili
1887 371 2057 411 hominis
2072 395 2081 404 ·
2095 396 2149 404 —-

1814 431 1845 453 ⁴⁰
1858 433 1974 472 Tunc
1986 435 2064 474 duo
2077 445 2187 478 erunt
2205 440 2245 478 in
2260 453 2284 479 a

1814 507 1887 544 gro
1901 516 1910 525 ·
1950 508 2050 535 unus
2070 500 2168 539 adsu

1814 563 1939 596 metur
1957 565 1994 597 et
2013 573 2113 600 unus
2132 575 2174 601 re

1812 618 2004 670 linquetur
2017 643 2026 653 ·
2056 621 2083 644 ⁴¹
2097 624 2196 664 duae

1813 682 2002 722 molentes
2022 685 2072 724 ad
2091 698 2158 725 mo

1812 742 1890 781 lam
1944 757 2044 784 unus
2064 748 2229 789 adsume

1811 811 1872 843 tur
1890 813 1928 845 et
1947 820 2047 847 unus
2065 810 2160 850 relin

1809 875 1947 918 quetur
1961 891 1969 900 ·
1999 870 2028 891 ⁴²
2039 871 2136 912 Duo
2150 874 2191 913 in

1807 929 1909 970 lecto
1974 945 2075 972 unus
2094 935 2192 975 adsu

1807 999 1932 1032 metur
1951 997 1989 1033 et
2007 1008 2107 1035 unus
2126 992 2182 1037 re⁴

1805 1054 1999 1106 linquetur
2013 1079 2022 1088 ·
2052 1059 2081 1080 ⁴³
2094 1059 2186 1111 Uigi

1804 1117 1879 1156 late
1899 1130 1993 1169 ergo
2013 1121 2103 1170 quia
2122 1124 2229 1163 nesci

1804 1180 1852 1218 tis
1914 1193 1992 1231 qua
2011 1183 2107 1222 hora
2126 1184 2199 1225 dfis

1803 1248 1929 1280 uester
1948 1245 2076 1284 ueniet
2093 1266 2102 1276 ·
2120 1268 2129 1277 ·

1803 1304 1832 1325 ⁴⁴
1844 1304 1943 1343 Illud
1963 1313 2091 1346 autem
2111 1309 2248 1349 scitote

1803 1371 1897 1416 qum
1918 1368 1949 1405 si
1969 1369 2081 1407 sciret
2100 1378 2208 1420 pater

1803 1428 1964 1468 familias
2010 1443 2088 1480 qua
2107 1433 2203 1471 hora

1802 1489 1860 1528 fur
1879 1492 1983 1531 uenit
2029 1494 2203 1544 uigilaret

1800 1578 1931 1629 utique
1996 1587 2035 1618 et
2054 1593 2136 1620 non
2156 1582 2188 1620 si

1800 1647 1908 1679 neret
1925 1641 2117 1691 perfodite

1801 1702 1963 1741 domum
1983 1716 2094 1742 suam
2109 1726 2119 1735 ·

1801 1764 1830 1785 ⁴²⁵
1841 1764 1936 1803 Ideo
1957 1772 1995 1804 et
2013 1778 2086 1804 uos
2105 1773 2228 1807 estote

1799 1827 1920 1876 parati
1941 1852 1950 1860 -
1994 1828 2085 1878 quia
2105 1841 2182 1879 qua

1802 1888 1897 1927 hora
1917 1902 1999 1928 non
2019 1892 2180 1940 speratis

1799 1951 1899 1989 filius
1918 1951 2087 1992 hominis
2107 1965 2184 1992 uen

1798 2020 1907 2052 turus
1931 2020 1989 2053 est
2005 2036 2015 2045 ·
2032 2032 2086 2055 w>

1294 2078 1366 2116 bus
1386 2090 1462 2117 noe
1478 2099 1487 2108 ·
1529 2079 1589 2117 Ita
1608 2079 1677 2116 erit
1692 2078 1744 2117 ad
1776 2073 1827 2096 *¹⁶
1840 2075 1938 2123 Quis
1956 2077 2061 2115 enim
2080 2083 2138 2117 est
2157 2077 2234 2117 fide

1293 2147 1432 2178 uentus
1451 2140 1503 2178 fili
1523 2140 1690 2179 hominis
1707 2161 1716 2170 ·

1292 2202 1321 2223 ⁸⁸
1335 2202 1440 2241 Sicut
1453 2203 1558 2241 enim
1577 2209 1685 2241 erant
1703 2203 1743 2241 in

1293 2264 1428 2303 diebus
1442 2271 1532 2303 ante
1547 2265 1723 2304 diluuiu-
1735 2285 1745 2296 ·

1292 2327 1574 2366 manducantes
1593 2334 1630 2366 et
1651 2327 1691 2366 bi

1291 2391 1429 2429 bentes
1445 2406 1454 2416 ·
1494 2391 1683 2429 nubentes

1775 2138 1843 2176 *lis
1862 2151 1995 2177 seruus
2014 2145 2052 2177 et

1774 2198 1966 2250 *prudens
1984 2213 2103 2250 quem

1774 2260 1994 2301 *constituit
2013 2263 2087 2301 dfis

1773 2323 1888 2364 *suus
1905 2345 1914 2355 ·
1955 2337 2068 2375 super
2087 2326 2140 2364 do

1772 2386 1903 2424 *mum
1923 2399 2032 2425 suam
2048 2407 2057 2417 ·
2099 2394 2141 2425 ut

1292 2458 1331 2491 et
1343 2459 1507 2502 nuptum
1520 2452 1760 2491 tradentes·-
1771 2449 1860 2487 *det
1875 2449 1982 2487 cibos
2000 2450 2041 2486 in
2059 2455 2140 2488 tem

1291 2527 1412 2564 usque
1430 2515 1470 2552 in
1490 2515 1551 2553 die
1571 2527 1647 2565 qua
1664 2516 1705 2553 in

1291 2577 1403 2615 trauit
1422 2589 1496 2615 noe
1515 2576 1555 2614 in
1574 2589 1664 2615 arca
1677 2598 1686 2607 ·

1292 2638 1321 2660 ³⁹
1334 2645 1371 2676 et
1384 2651 1464 2677 non
1476 2645 1744 2688 cognouerunt

1294 2700 1422 2739 donec
1441 2701 1547 2738 uenit
1566 2700 1744 2739 diluuiu“

1294 2769 1331 2801 et
1350 2762 1433 2801 tulit
1452 2774 1593 2801 omnes
1609 2783 1619 2793 ·

1773 2510 1890 2562 *pore
1906 2531 1915 2540 ·
1945 2511 1973 2532 ⁴⁷
1986 2511 2126 2550 Beatus

1796 2585 1930 2611 seruus
1949 2573 2011 2610 ille
2032 2585 2150 2624 quem

1795 2635 1956 2674 ueniens
1980 2635 2052 2674 dr'is
2072 2636 2155 2678 eius

1795 2698 1941 2735 inuenit
1961 2697 2156 2737 faciente-

1799 2760 1855 2798 sic
1872 2780 1881 2790 ·
1921 2760 1950 2782 ⁴¹⁸
1963 2761 2092 2799 Amen
2111 2761 2199 2801 dico

2039 2844 2062 2871 F

2303 330 2386 364 8¹01.
2401 331 2462 363 65.
