2872 3268
349 335 433 368 1⁸01.
446 336 509 369 97.

538 216 594 260 80

540 333 662 372 homo
680 338 864 384 peccator
883 335 929 371 su

539 397 553 418 ⁹
565 396 771 435 admiratio
791 396 897 434 enim

537 459 706 498 habebat
725 459 833 497 illum
880 463 919 496 et

537 534 677 561 omnes
690 522 757 572 qui
777 533 866 559 eum
885 521 950 559 illo

538 591 649 624 erant
668 585 708 622 in
727 590 886 634 captura

536 648 703 699 piscium
727 658 844 697 quam
865 657 910 685 ce

537 716 698 761 perant·
727 709 757 730 ²⁰
771 709 884 747 simili

537 779 594 811 ter
613 779 743 810 autem
761 772 922 810 iacobus

537 842 574 874 et
594 835 782 873 iohannes
803 834 855 871 fili

538 898 698 936 zebedei
714 917 722 927 ·
766 898 833 948 qui
853 901 965 935 erant

537 961 633 999 socii
653 960 814 998 simonis
830 980 839 990 ·

536 1023 587 1062 Et
606 1024 658 1062 ait
677 1023 727 1061 ad
746 1020 939 1062 simonem

537 1086 596 1124 ihs
635 1086 716 1124 noli
732 1086 868 1124 timere
884 1105 893 1116 ·

536 1148 598 1187 Ex
619 1148 694 1187 hoc
714 1149 791 1187 iam
811 1149 886 1187 eris
906 1148 959 1187 ho

537 1211 661 1250 mines
681 1218 843 1261 captans

535 1273 563 1295 ¹¹
575 1274 626 1313 Et
645 1274 842 1313 subductis
861 1274 912 1314 ad
930 1279 987 1314 ter

535 1350 620 1377 ram
639 1336 829 1377 nauiculis
843 1359 852 1368 ·

535 1401 677 1439 relictis
696 1401 882 1440 omnibus

536 1464 657 1503 secuti
677 1470 766 1502 sunt
785 1475 876 1502 eum
897 1484 905 1494 ·
924 1485 933 1494 ·

536 1525 566 1547 ²²
577 1526 628 1564 Et
640 1526 785 1566 factum
799 1532 857 1564 est
870 1547 879 1556 ·
912 1538 1003 1565 cum

535 1596 667 1630 essent
686 1590 727 1628 in
746 1603 825 1629 una
845 1591 922 1630 ciui

535 1659 657 1692 tatem
670 1674 679 1683 ·
723 1659 761 1692 et
780 1666 871 1693 ecce
891 1653 951 1692 uir

535 1741 676 1792 plenus
695 1741 802 1792 lepra
815 1762 824 1772 ·
866 1748 905 1780 et
937 1786 940 1790 Χ

536 1804 675 1843 uidens
695 1804 778 1842 ihm
798 1804 939 1843 cecidit

537 1867 578 1905 in
598 1866 738 1906 faciem
785 1873 823 1905 et
842 1879 939 1918 roga

536 1930 604 1968 bat
622 1942 712 1968 eum
732 1930 867 1969 dicens

539 1993 615 2032 dne
635 1993 666 2031 si
684 1993 744 2031 uis
782 1999 894 2044 potes
913 2005 978 2032 me

537 2055 727 2094 mundare
743 2076 751 2086 ·
781 2055 810 2077 ¹³
820 2056 872 2094 Et
890 2062 1006 2095 exten

537 2118 636 2157 dens
655 2131 814 2157 manum
829 2119 896 2157 teti

537 2181 594 2231 git
607 2181 715 2219 illum
734 2181 868 2220 dicens
894 2215 898 2222 .

537 2244 630 2283 uolo
649 2244 838 2283 mundare
858 2263 867 2274 ·

539 2306 755 2346 Confestim
774 2306 882 2357 lepra

538 2369 622 2408 eius
642 2369 812 2408 discessit
831 2369 880 2408 ab
900 2369 926 2407 il

539 2432 578 2470 lo
593 2453 602 2462 ·
632 2432 661 2454 ¹⁴
673 2433 724 2470 Et
742 2433 826 2483 ipse
846 2444 962 2482 prece

540 2495 596 2545 pit
614 2495 666 2534 illi
692 2502 734 2534 ut
753 2495 900 2533 nemini

541 2557 709 2597 diceret·
759 2558 837 2597 Sed
857 2570 908 2597 ua
947 2581 950 2584 ·

542 2620 638 2659 dens
659 2622 819 2660 ostende
839 2627 877 2659 te

542 2683 734 2722 sacerdoti
751 2705 759 2714 -
809 2691 847 2722 et
867 2683 914 2722 of

542 2743 599 2781 fer
618 2757 689 2793 pro
710 2746 913 2784 mundatio

543 2818 592 2843 ne
607 2812 672 2843 tua
693 2807 788 2845 sicut
808 2820 900 2858 prae

545 2868 647 2917 cepit
666 2880 821 2918 moyses
866 2876 910 2907 ut

545 2930 594 2967 sit
613 2930 653 2967 in
669 2931 925 2969 testimoniu-

544 2990 621 3030 hoc
639 2992 751 3030 uobis
767 3013 775 3022 ·
793 3013 802 3023 ·
832 2992 860 3014 ¹⁵
874 2993 946 3031 Per

546 3054 769 3094 ambulabat
787 3062 917 3094 autem

1437 213 1597 257 SECD
1612 236 1622 247 ·

1042 330 1167 380 magis
1187 341 1314 368 sermo
1335 328 1383 368 de
1403 330 1468 369 illo

1040 399 1079 431 et
1097 392 1385 431 conueniebant

1039 456 1174 493 turbae
1194 455 1339 494 multae
1357 461 1400 493 ut
1418 467 1469 494 au

1040 518 1165 556 dirent
1180 524 1218 556 et
1233 530 1396 556 curaren

1037 586 1098 617 tur
1117 581 1167 618 ab
1186 579 1394 619 infirmitati

1037 643 1111 681 bus
1130 643 1208 681 suis
1221 663 1229 673 ·
1258 642 1287 664 ¹⁸
1298 644 1381 694 ipse
1401 648 1488 684 aute

1038 706 1246 744 secedebat
1263 707 1304 744 in
1327 707 1439 746 deser

1039 774 1079 807 to
1098 774 1136 806 et
1155 770 1292 807 orabat
1308 790 1316 799 ·
1346 769 1376 792 ¹⁷
1387 770 1439 809 Et

1040 830 1184 869 factum
1203 838 1262 870 est
1281 833 1322 871 in
1344 844 1424 872 una

1040 893 1190 933 dierum
1209 902 1247 934 et
1265 896 1349 946 ipse
1365 903 1442 936 erat

1040 956 1188 996 docens
1206 978 1214 988 ·
1255 965 1294 996 et
1314 965 1425 998 erant

1038 1019 1190 1058 farisaei
1205 1021 1386 1061 sedentes

1039 1089 1078 1121 et
1096 1083 1193 1134 legis
1213 1083 1396 1123 doctores
1413 1106 1422 1116 ·

1039 1146 1106 1196 qui
1126 1153 1315 1185 uenerant
1334 1160 1384 1186 ex
1404 1159 1473 1186 om

1039 1208 1079 1246 ni
1099 1206 1260 1247 castello
1279 1210 1440 1260 galileae

1038 1276 1077 1309 et
1095 1271 1231 1311 iudeae
1251 1278 1290 1311 et
1308 1273 1416 1312 hiem

1039 1334 1161 1373 salem
1176 1355 1185 1365 ·
1229 1341 1268 1374 et
1286 1336 1406 1376 uirtus

1037 1403 1120 1436 erat
1139 1397 1205 1435 dni
1225 1398 1275 1437 ad
1294 1411 1418 1438 sanan

1038 1460 1132 1500 dum
1151 1473 1245 1509 eos7
1275 1461 1302 1483 ¹⁸
1315 1468 1353 1500 et
1372 1474 1464 1502 ecce

1037 1524 1106 1561 uiri
1125 1530 1325 1574 portantes
1343 1525 1384 1563 in

1038 1587 1139 1626 lecto
1160 1587 1362 1626 hominem
1375 1608 1384 1618 ·

1038 1650 1106 1702 qui
1129 1656 1210 1688 erat
1229 1650 1460 1702 paralyticus

1040 1743 1078 1776 et
1093 1738 1332 1789 quaerebant
1344 1751 1435 1777 eum
1454 1739 1494 1777 in

1038 1800 1136 1840 ferre
1157 1808 1194 1839 et
1213 1813 1361 1851 ponere
1380 1808 1470 1841 ante

1039 1876 1130 1902 eum
1172 1863 1201 1885 ¹⁹
1213 1871 1251 1902 et
1271 1875 1352 1902 non
1365 1864 1496 1903 inueni

1039 1933 1150 1966 entes
1171 1939 1248 1977 qua
1267 1934 1376 1977 parte
1396 1927 1422 1965 il

1038 1989 1120 2028 lum
1141 1990 1326 2029 inferrent
1346 2003 1439 2040 prae

1039 2053 1150 2092 turba
1198 2053 1459 2092 ascenderunt

1039 2128 1158 2166 supra
1177 2123 1321 2155 tectum
1337 2137 1346 2147 ·
1389 2122 1428 2154 et

1038 2191 1109 2229 per
1124 2179 1273 2228 tegulas
1294 2179 1423 2218 submi

1040 2249 1172 2280 serunt
1191 2242 1298 2279 illum
1322 2254 1412 2280 cum

1039 2304 1142 2343 lecto
1163 2305 1203 2342 in
1222 2305 1352 2343 medio
1372 2311 1461 2343 ante

1041 2367 1121 2405 ihm
1139 2387 1147 2397 ·
1177 2365 1207 2388 ²⁰
1219 2379 1384 2417 quorum
1405 2367 1480 2405 fide

1042 2442 1133 2468 cum
1153 2429 1303 2468 uideret
1318 2450 1327 2459 ·
1369 2429 1464 2468 dixit

1042 2492 1193 2531 homini
1209 2513 1217 2522 ·
1262 2492 1423 2530 dimissa

1043 2562 1133 2594 sunt
1148 2555 1215 2594 tibi
1230 2564 1391 2606 peccata
1404 2562 1470 2594 tua
1487 2576 1495 2585 ·

1042 2616 1070 2638 ²²
1082 2618 1133 2656 Et
1146 2624 1360 2668 coeperunt
1372 2618 1500 2668 cogita

1042 2693 1084 2720 re
1105 2681 1253 2720 scribae
1266 2688 1303 2719 et
1317 2680 1468 2720 farisaei
1483 2702 1491 2711 ·

1043 2744 1084 2783 in
1104 2744 1286 2783 cordibus
1306 2745 1385 2783 suis
1405 2744 1444 2782 di

1044 2814 1176 2846 centes
1193 2829 1202 2838 ·
1224 2807 1311 2858 quis
1332 2814 1389 2846 est
1407 2807 1470 2846 hic
1484 2829 1492 2837 ·

1044 2871 1112 2921 qui
1132 2871 1302 2921 loquitur
1321 2870 1444 2909 blasfe

1044 2933 1144 2971 mias
1158 2953 1167 2962 ·
1211 2933 1297 2983 quis
1317 2938 1446 2983 potest
1461 2933 1500 2971 di

1046 2995 1196 3033 mittere
1215 3001 1376 3045 peccata
1395 2996 1469 3034 nisi

1047 3056 1153 3096 solus
1166 3057 1228 3096 ds·
1240 3055 1316 3096 ²²ut
1325 3059 1504 3108 cognouit

1577 335 1708 368 autem
1728 329 1787 368 ihs
1807 329 1965 380 cogitati

1576 405 1674 431 ones
1694 405 1830 432 eorum
1846 413 1856 423 ·
1896 404 1958 431 res

1576 455 1758 506 pondens
1778 455 1874 494 dixit
1893 455 1943 494 ad
1963 454 1988 493 il

1576 518 1634 557 los
1651 539 1661 549 ·
1704 519 1798 569 quid
1819 517 1998 570 cogitatis

1576 580 1616 618 in
1637 582 1819 620 cordibus
1838 581 1975 619 uestris
1991 599 2000 611 ·

1575 640 1603 664 ²³
1616 644 1708 694 quid
1729 650 1787 682 est
1804 643 1951 683 facilius
1972 643 2011 682 di

1575 719 1663 745 cere
1682 706 1840 745 dimissa
1858 713 1948 746 sunt

1574 769 1642 807 tibi
1662 776 1824 820 peccata
1841 775 1908 808 tua
1923 776 1989 810 aut

1575 832 1702 871 dicere
1723 844 1837 883 surge
1857 841 1895 871 et
1910 844 1975 871 am

1575 894 1666 932 bula
1679 915 1688 924 ·
1718 893 1747 915 ²⁴
1759 895 1814 933 Ut
1834 901 1964 934 autem
1986 894 2042 934 sci

1576 958 1647 995 atis
1670 957 1760 1008 quia
1779 958 1860 995 filiu
1879 957 1987 996 homi

1575 1020 1635 1059 nis
1655 1015 1888 1070 potestatem
1907 1021 1958 1060 ha

1575 1084 1640 1121 bet
1660 1083 1802 1122 interra
1820 1084 1934 1122 remit

1575 1146 1680 1184 tendi
1701 1153 1886 1196 peccata·
1917 1147 1970 1186 ait

1574 1209 1786 1259 paralytico
1802 1230 1812 1240 ·
1842 1210 1911 1248 tibi
1927 1210 2017 1249 dico
2032 1230 2042 1240 ·

1576 1284 1692 1322 surge
1710 1272 1802 1310 tolle
1821 1272 1965 1310 lectum

1575 1341 1685 1373 tuum
1705 1341 1743 1373 et
1761 1335 1861 1374 uade
1880 1336 1920 1373 in
1936 1335 1989 1374 do

1574 1410 1684 1436 mum
1698 1404 1805 1436 tuam
1817 1419 1826 1429 ·
1856 1397 1886 1419 ²5
1898 1399 1950 1437 Et
1969 1411 2045 1437 con

1576 1460 1704 1499 festim
1724 1473 1886 1511 surgens
1906 1465 1999 1500 cora

1576 1524 1649 1562 illis
1668 1524 1750 1562 tulit
1769 1524 1809 1562 in
1829 1536 1908 1575 quo
1928 1525 2013 1563 iace

1575 1587 1642 1624 bat
1658 1607 1667 1616 ·
1709 1594 1747 1625 et
1763 1587 1856 1625 abiit
1868 1588 1908 1625 in
1924 1587 2046 1626 domii

1577 1661 1687 1688 suam
1696 1670 1704 1680 ·
1716 1650 1972 1700 magnificans
1980 1651 2046 1689 dm

1576 1735 1604 1759 ²⁶
1618 1744 1657 1776 et
1673 1738 2046 1789 stupor'adpraehen

1578 1800 1632 1839 dit
1651 1813 1790 1839 omnes
1811 1808 1848 1840 et
1867 1813 1961 1852 mag

1577 1863 1787 1902 nificabant
1806 1864 1873 1902 dm
1889 1885 1898 1894 ·
1947 1871 1986 1903 et

1577 1926 1713 1977 repleti
1733 1933 1822 1965 sunt
1842 1927 1937 1975 timo

1578 2002 1619 2028 re
1639 1989 1846 2038 dicentes?
1875 1990 1969 2040 quia

1577 2052 1747 2100 uidimus
1756 2052 1906 2090 ‘mirabi

1630 2130 1687 2164 sps
1706 2115 1756 2153 lia
1781 2114 1920 2154 hodiae
1940 2132 1996 2147 m

1549 2176 1568 2199 '¹‘
1584 2177 1613 2200 ²⁷
1625 2161 1676 2216 Et
1695 2184 1786 2228 post
1805 2178 1876 2217 hec
1897 2179 1988 2217 exiit
2003 2200 2012 2209 ·

1548 2239 1567 2261 *
1585 2246 1622 2280 et
1642 2241 1738 2279 uidit
1756 2241 1912 2292 puplica

1548 2302 1567 2324 *
1585 2316 1679 2342 num
1700 2304 1861 2341 nomine
1880 2304 1956 2342 leui

1580 2367 1780 2405 sedentem
1801 2379 1823 2405 a
1837 2367 1996 2406 telonefi

1579 2436 1617 2467 et
1636 2429 1688 2467 ait
1708 2429 1760 2466 illi
1780 2441 1940 2479 sequere

1580 2505 1642 2530 me
1660 2513 1668 2522 ·
1698 2490 1726 2513 ²⁸
1739 2498 1778 2530 et
1797 2492 1939 2530 relictis
1959 2503 2027 2530 om

1580 2555 1694 2593 nibus
1714 2567 1929 2605 exsurgens

1581 2624 1736 2656 secutus
1755 2625 1815 2656 est
1835 2629 1926 2655 eum
1942 2638 1952 2648 ·

1581 2680 1609 2703 ²⁹
1623 2681 1672 2719 Et
1683 2681 1773 2720 fecit
1792 2681 1844 2719 illi
1864 2680 2050 2720 conuiuifl

1582 2757 1772 2794 magnum
1791 2744 1867 2783 leui
1888 2745 1927 2782 in

1583 2807 1705 2846 domo
1726 2819 1797 2846 sua
1813 2828 1821 2837 ·
1862 2807 1914 2846 Et
1930 2812 2012 2845 erat

1582 2870 1694 2908 turba
1713 2869 1833 2908 multa
1852 2882 1906 2920 pu

1583 2933 1827 2983 plicanorum
1847 2933 1914 2984 qui

1584 3007 1674 3034 cum
1694 2995 1767 3034 illis
1787 3001 1896 3034 erant
1915 2995 1974 3035 dis

1584 3058 1813 3098 cumbentes
1829 3079 1837 3089 ·
1853 3079 1908 3088 -

2357 218 2418 263 [V.
2435 222 2546 265 8-37.

2080 328 2109 349 ³⁰
2124 326 2175 367 Et
2196 336 2447 369 murmur-aue

2077 400 2168 434 runt
2183 393 2356 432 farisaei·
2386 399 2425 432 et
2448 394 2458 403 ²

2078 457 2203 496 scribe
2224 468 2361 494 eorum
2375 476 2383 486 ·
2412 454 2454 494 di

2078 526 2210 559 centes
2230 520 2280 558 ad
2299 518 2449 569 discipu
2496 524 2500 527 ·

2077 583 2136 622 los
2157 583 2239 622 eius
2286 592 2407 633 quare

2077 658 2168 685 cum
2188 645 2406 696 puplicanis

2078 715 2116 748 et
2136 709 2407 759 peccatoribus

2077 771 2289 810 manducat
2308 777 2346 809 et
2361 770 2463 809 bibet

2076 833 2104 855 ³¹
2118 834 2169 872 Et
2188 833 2432 884 respondens
2451 833 2512 872 ihs

2077 898 2171 937 dixit
2190 897 2240 936 ad
2258 897 2343 936 illos
2357 916 2366 927 ·
2408 908 2491 935 non

2077 966 2194 1011 egent
2213 961 2278 1012 qui
2298 965 2459 999 sansunt

2076 1024 2230 1062 medico
2245 1020 2319 1062 ‘sed
2339 1023 2406 1074 qui

2075 1086 2178 1125 male
2195 1085 2340 1124 habent
2355 1106 2364 1116 ·
2393 1083 2424 1107 ⁸²
2435 1097 2518 1124 non

2075 1149 2167 1187 ueni
2187 1158 2329 1187 uocare
2348 1149 2408 1187 ius

2077 1218 2140 1251 tos
2180 1212 2249 1250 sed
2268 1217 2432 1262 peccato

2078 1286 2140 1313 res
2155 1274 2195 1312 in
2210 1274 2456 1324 penitentia-³

2079 1337 2108 1358 ³⁸
2120 1337 2173 1375 At
2192 1337 2243 1374 illi
2265 1337 2444 1375 dixerunt
2464 1331 2516 1375 ad

2080 1412 2171 1438 eum
2187 1420 2196 1430 ·
2241 1412 2359 1451 quare
2379 1399 2439 1439 dis

2081 1463 2198 1513 cipuli
2217 1462 2400 1501 iohannis

2079 1526 2252 1564 ieiunant
2271 1525 2429 1577 frequen

2080 1594 2137 1627 ter
2161 1595 2199 1627 et
2217 1588 2427 1627 farisaeorfi

2081 1657 2119 1690 et
2139 1652 2430 1690 obsecrationes

2081 1739 2229 1778 faciunt
2245 1760 2254 1769 ·
2290 1739 2353 1778 -tui
2373 1742 2461 1778 auti}
2529 1778 2531 1781 Α

2080 1803 2225 1841 aedunt
2244 1809 2282 1841 et
2301 1803 2461 1841 bibunt·
2488 1847 2491 1850 ι

2079 1865 2110 1887 ⁸4
2121 1866 2260 1916 quibus
2280 1867 2363 1915 ipse
2384 1866 2436 1904 ait
2449 1885 2459 1896 ·

2081 1928 2272 1979 numquid
2291 1928 2453 1979 potestis
2470 1948 2480 1959 ·

2082 1991 2180 2030 filios
2201 1991 2334 2041 sponsi
2355 1991 2448 2029 dum

2083 2061 2174 2093 cum
2193 2054 2264 2092 illis
2283 2059 2341 2092 est
2361 2065 2531 2104 sponsus

2083 2117 2208 2156 facere
2228 2117 2396 2156 ieiunare
2412 2137 2421 2147 ·
2441 2137 2498 2145 --·

2084 2181 2113 2201 ⁸⁵
2124 2180 2281 2218 uenient
2300 2186 2429 2218 autem
2444 2179 2526 2222 dies

2085 2255 2175 2282 cum
2196 2242 2377 2281 auferetur
2396 2243 2446 2281 ab
2465 2241 2520 2280 eis

2085 2317 2278 2356 sponsus·
2320 2312 2358 2344 et
2377 2313 2470 2344 tunc

2083 2368 2307 2406 ieiunabunt
2325 2368 2365 2406 in
2384 2367 2455 2405 illis

2084 2431 2221 2468 diebus
2235 2451 2243 2460 ·
2273 2430 2303 2451 ³⁶
2315 2430 2424 2468 Dixit
2443 2442 2494 2468 au

2082 2499 2161 2531 tem
2181 2499 2218 2531 et
2237 2493 2482 2532 similitudine

2083 2555 2132 2594 ad
2151 2555 2257 2595 illos·
2306 2555 2396 2606 quia
2414 2567 2533 2595 nemo

2083 2619 2379 2658 commissuram

2083 2695 2106 2720 a
2125 2682 2354 2720 uestimento
2374 2694 2479 2722 nouo
2496 2702 2505 2712 ·

2083 2745 2238 2783 inmittit
2256 2745 2296 2782 in
2311 2745 2408 2783 nesti

2084 2814 2260 2846 mentum
2279 2814 2390 2846 uetus
2404 2828 2412 2838 ·
2449 2807 2499 2846 ali

2086 2871 2207 2921 oquin
2227 2876 2265 2909 et
2284 2882 2432 2910 nouum
2452 2874 2497 2909 τῦ

2086 2933 2143 2984 pit
2160 2940 2198 2972 et
2211 2933 2330 2972 ueteri
2350 2945 2430 2972 non
2449 2945 2526 2972 con

2086 2996 2192 3034 uenit
2211 2996 2464 3035 commissura

2088 3070 2111 3097 a
2134 3070 2239 3097 nouo
2253 3079 2262 3088 ·
2291 3057 2320 3079 ⁸⁷
2332 3058 2384 3096 Et
2402 3070 2520 3097 nemo
