2872 3268
98 317 183 351 1⁸01.
199 320 260 354 8⁸7.

298 214 327 249 1.
347 215 457 257 70-11.
474 215 543 260 τι]

300 332 459 359 suorum
479 320 545 372 qui
565 321 614 359 ab
634 333 656 360 e

298 394 351 421 uo
372 390 461 422 sunt
478 405 486 414 ·
516 382 544 405 ⁷¹
558 390 596 422 et
615 385 735 423 libera

297 446 353 483 uit
373 458 446 485 nos
464 447 514 485 ab
534 447 701 486 inimicis

298 509 441 546 nostris
508 516 545 547 et
565 509 613 548 de
632 522 699 548 ma

293 570 413 609 nibus
432 572 611 610 omnium

297 633 364 682 qui
383 645 456 671 nos
476 634 642 672 oderunt
658 655 667 665 ·

294 693 324 716 ⁷²
336 695 387 733 ad
406 695 625 734 faciendam
645 697 699 735 mi

295 757 544 796 sericordiam
559 766 642 797 cu·-

294 820 466 869 patribus
486 822 626 859 nostris
642 842 652 852 ·

295 888 334 920 et
353 884 561 922 memorari
580 890 638 922 tes

293 946 454 983 tamenti
474 947 528 984 sci
549 947 632 984 sui·

293 1006 323 1029 '⁷³
335 1007 607 1047 Iusiurandum

292 1070 398 1120 quod
418 1070 554 1109 iurauit
573 1071 624 1110 ad

291 1132 478 1171 abraham
498 1140 649 1183 patrem

291 1200 470 1233 nostrum
483 1216 493 1225 ·
537 1196 566 1217 ⁷⁴
579 1196 716 1236 daturi-1

292 1268 334 1295 se
354 1258 468 1295 nobis
485 1279 494 1288 ·
524 1266 566 1296 ut
587 1259 671 1298 sine

290 1319 431 1358 timore
451 1321 499 1358 de
518 1333 639 1360 manu

290 1382 536 1421 inimicorum
556 1396 630 1422 nos

290 1450 438 1483 trorum
457 1446 606 1484 liberati
619 1468 628 1477 ·

291 1508 507 1546 seruiamus
525 1509 579 1547 illi
620 1509 649 1531 ⁷⁵
661 1510 702 1547 in

291 1655 426 1695 scitate
445 1662 483 1695 et
501 1656 682 1697 iustitiam

290 1730 425 1757 coram
443 1719 553 1770 ipso·
597 1721 706 1760 omni

289 1781 363 1819 bus
384 1782 519 1821 diebus
539 1783 679 1822 n0stris

288 1843 381 1895 ⁷⁶,Et
399 1850 439 1882 tu
460 1857 555 1895 puer
574 1846 723 1896 profeta

285 1905 459 1945 altissimi
476 1909 628 1947 uocabe

286 1968 338 2007 ris
351 1989 360 1999 ·
404 1970 569 2019 praeibis
589 1971 694 2009 enim

286 2036 376 2069 ante
395 2030 535 2069 faciem
555 2032 622 2070 dni
641 2046 692 2083 pa

254 2135 258 2139 ⁴
282 2105 367 2132 rare
386 2094 470 2132 uias
491 2095 572 2133 eius
586 2116 595 2125 ·
625 2096 654 2117 77
665 2095 716 2134 ad

283 2154 455 2194 dandam
475 2157 668 2196 scientia-

284 2218 418 2257 salutis
436 2219 560 2269 plebis
579 2221 660 2259 eius

283 2280 325 2319 in
343 2282 612 2321 remissionem

284 2350 537 2394 peccatorum
556 2349 652 2383 eoru
665 2365 674 2375 ·

282 2403 314 2427 ⁷⁸
324 2418 393 2456 per
410 2407 560 2446 uiscera
578 2407 708 2446 miseri

283 2468 439 2508 cordiae
459 2469 498 2507 di
517 2470 640 2507 nostri
655 2490 665 2500 ·

284 2530 326 2568 in
346 2531 485 2581 quibus
504 2531 671 2569 uisitauit
687 2553 695 2562 ·

284 2603 359 2630 nos
378 2594 508 2631 oriens
526 2606 575 2631 ex
596 2594 674 2632 alto
687 2614 697 2624 ·

283 2654 315 2677 '¹⁹
326 2654 554 2693 inluminare
573 2655 645 2694 hos
665 2655 732 2705 qui

284 2716 326 2754 in
346 2716 513 2755 tenebris
529 2737 538 2746 ·
581 2717 632 2755 Et
652 2717 718 2768 qui

283 2779 325 2816 in
344 2778 483 2816 umbra
503 2779 638 2817 mortis

1176 201 1409 245 LUCAN-

802 320 924 373 pedes
943 327 1097 361 nostros
1116 321 1158 359 in

801 386 907 423 uiam
927 385 1034 435 pacis
1051 406 1059 415 ·
1075 406 1084 415 ·
1114 384 1143 406 ⁸⁰
1155 384 1254 423 Puer

801 455 931 486 autem
951 449 1148 486 crescebat

800 517 838 549 et
858 511 1150 549 confortabatur

803 573 843 611 in
863 577 937 623 spu
950 594 959 603 ·
1003 574 1053 611 Et
1073 580 1151 612 erat
1171 573 1211 611 in

799 635 960 674 desertis
979 648 1102 686 usque
1122 637 1162 674 in

798 698 901 737 diem
921 699 1155 737 ostensionis

799 773 891 800 suae
911 761 960 799 ad
981 761 1028 799 isi
1048 782 1056 791 ·
1073 778 1127 795 ω

891 823 915 862 -Ι-
938 823 977 854 In
992 822 1103 854 natale
1118 822 1175 854 dni

1006 893 1061 908 m

763 945 783 968 ’⁸‘
796 951 834 986 2.
859 945 870 967 ¹
884 945 1046 984 Factum
1062 952 1119 984 est
1133 953 1259 984 autem

760 1009 833 1047 *in
853 1009 983 1047 diebus
1003 1009 1074 1047 illis
1091 1030 1099 1039 ·
1143 1010 1205 1048 exi

762 1071 822 1110 *it
842 1072 1121 1111 edictumsscesa

796 1147 836 1173 re
857 1141 993 1185 agusto
1012 1142 1053 1172 ut
1072 1147 1144 1185 pro

792 1198 961 1236 fiteretur
979 1198 1115 1236 uniuer

795 1272 861 1298 sus
881 1260 983 1298 orbis
1004 1267 1124 1299 terrae

793 1323 807 1345 2
822 1322 933 1361 Haec
954 1324 1143 1373 professio
1163 1324 1221 1373 pri

792 1397 858 1424 ma
878 1385 978 1424 facta
996 1393 1053 1425 est
1103 1387 1204 1436 presi

795 1448 842 1486 de
864 1449 986 1498 syriae
1006 1449 1139 1499 cyrino
1152 1469 1161 1479 ·

793 1509 808 1531 ³
821 1517 858 1548 et
878 1512 986 1549 ibant
1005 1524 1142 1550 omnes
1161 1517 1202 1549 ut

790 1574 1060 1624 profiterentur

794 1661 932 1712 singuli
951 1662 990 1699 in
1011 1674 1121 1700 suam
1142 1662 1178 1701 ci

791 1724 951 1762 uitatem
967 1745 975 1754 ·
1005 1725 1020 1746 ⁴
1031 1725 1162 1763 Ascen

792 1786 846 1824 dit
866 1793 995 1824 autem
1015 1793 1052 1825 et
1070 1787 1206 1837 ioseph

788 1860 812 1886 a
831 1848 969 1897 galilea
988 1849 1036 1888 de
1056 1850 1172 1887 ciuita

789 1916 827 1948 te
847 1911 1028 1949 nazareth
1049 1912 1089 1949 in
1109 1912 1148 1949 iu

788 1973 904 2011 deam
924 1974 963 2011 in
984 1974 1135 2012 ciuitate

785 2035 901 2074 dauid
924 2048 1023 2087 quae
1041 2043 1203 2075 uocatur

787 2098 976 2137 betlehem
993 2120 1001 2129 ·
1044 2112 1092 2138 eo
1112 2100 1218 2150 quod

788 2168 890 2200 esset
909 2161 957 2200 de
978 2162 1097 2201 domo
1118 2169 1154 2201 et

786 2223 835 2262 de
855 2225 978 2274 patria
996 2225 1114 2263 dauid
1129 2246 1138 2256 ·

787 2286 802 2307 ⁵
813 2292 855 2324 ut
873 2287 1113 2336 profiteretur

789 2353 838 2387 οῦ
857 2350 978 2387 maria
996 2362 1115 2388 uxore
1135 2362 1181 2388 su

787 2411 1023 2462 desponsata
1042 2413 1078 2451 ei
1094 2434 1103 2443 ·

789 2486 880 2512 cum
899 2482 1000 2513 esset
1018 2476 1058 2513 in
1077 2472 1222 2528 uter[o]

793 2536 943 2575 habens
965 2558 973 2567 ·
992 2558 1000 2567 ·
1049 2539 1063 2559 ⁶
1076 2539 1197 2577 Facti-1

787 2605 845 2637 est
864 2605 994 2637 autern
1013 2612 1101 2638 cum
1122 2612 1163 2639 es

785 2667 870 2699 sent
889 2662 941 2699 ibi
955 2682 964 2691 ·
1010 2662 1190 2712 impletus

785 2729 843 2761 est
863 2724 944 2761 dies
963 2730 1005 2762 ut
1024 2731 1174 2774 pareret

784 2786 861 2823 ⁷Et
880 2787 1027 2836 peperit
1046 2787 1167 2826 filium

284 2841 420 2879 sedent
435 2861 444 2871 ·
465 2840 515 2880 ad
528 2840 751 2892 dirigendos
786 2860 900 2887 suum
920 2850 1154 2901 primogenjt
1174 2872 1184 2882 .
1200 2871 1210 2882 .

1338 326 1376 358 et
1395 318 1535 370 pannis
1555 330 1644 356 eum
1663 316 1766 356 inuol

1338 383 1394 420 uit
1413 388 1450 420 et
1470 382 1600 432 posuit
1620 392 1710 419 eum

1337 444 1378 482 in
1398 445 1602 495 praesepio
1650 443 1741 494 quia

1337 519 1419 546 non
1439 514 1519 546 erat
1539 507 1647 545 locus
1667 507 1708 544 in

1336 569 1548 608 diuersorio
1565 590 1574 599 ·

1334 630 1348 652 ⁸
1361 631 1539 671 Pastores
1559 637 1687 670 autem
1707 643 1729 670 e

1334 700 1420 732 rant
1440 695 1480 732 in
1500 694 1564 733 illa
1583 694 1691 744 regio

1334 769 1384 794 ne
1404 757 1606 807 uigilantes
1626 762 1664 795 et

1333 818 1593 857 custodientes
1611 818 1691 869 uigi

1333 880 1403 919 lias
1423 882 1546 921 noctis
1566 893 1684 932 supra

1332 956 1492 994 gregem
1512 956 1625 982 suurn
1642 965 1651 974 ·

1332 1006 1345 1026 ⁹
1358 1005 1408 1043 Et
1428 1019 1519 1045 ecce
1539 1006 1699 1056 angelus
1719 1006 1785 1045 dni

1333 1069 1434 1106 stetit
1453 1069 1559 1106 iuxta
1579 1069 1662 1107 illos
1679 1090 1687 1100 -

1332 1136 1370 1168 et
1390 1131 1542 1169 claritas
1563 1131 1630 1169 dfii
1650 1131 1705 1170 cir

1332 1193 1525 1231 cumfulsit
1544 1194 1630 1232 illos
1647 1215 1655 1224 ·

1331 1255 1382 1293 Et
1401 1257 1609 1295 timuerunt
1627 1257 1723 1295 timo

1330 1330 1370 1356 re
1393 1331 1539 1368 magno
1557 1340 1566 1349 ·
1595 1318 1624 1340 ¹⁰
1635 1320 1686 1357 Et
1705 1319 1770 1358 dix

1331 1381 1378 1418 sit
1398 1381 1469 1419 illis
1490 1382 1651 1431 angelus

1330 1444 1448 1482 nolite
1467 1444 1601 1483 timere
1621 1457 1714 1484 ecce

1330 1506 1435 1544 enim
1455 1507 1720 1557 euangelizaui
1771 1543 1773 1545 .

1329 1655 1441 1694 uobis
1460 1656 1646 1706 gaudium

1327 1731 1515 1768 magnum
1535 1720 1641 1770 quod

1328 1781 1397 1819 erit
1416 1783 1524 1820 omni
1543 1783 1646 1832 plebi

1329 1843 1356 1864 ¹¹
1370 1844 1460 1894 quia
1475 1852 1589 1883 natus
1608 1852 1666 1884 est
1680 1846 1793 1884 uobis

1327 1906 1445 1945 hodie
1466 1907 1633 1946 saluator
1653 1909 1719 1958 qui

1327 1975 1384 2006 est
1403 1973 1478 2018 xps
1498 1970 1571 2008 dns
1590 1970 1630 2007 in
1649 1971 1764 2009 ciuita

1326 2037 1363 2069 te
1384 2031 1500 2070 dauid
1516 2053 1525 2062 ·
1554 2031 1584 2052 ¹²
1596 2039 1635 2071 et
1653 2032 1765 2071 huius

1326 2094 1401 2132 hoc
1420 2094 1533 2132 uobis
1553 2095 1708 2145 signum
1722 2117 1731 2126 -

1325 2156 1528 2195 inuenietis
1547 2157 1694 2196 infante

1323 2220 1462 2269 pannis
1481 2220 1698 2258 inuolutum

1324 2289 1361 2320 et
1380 2283 1551 2332 positum
1570 2283 1610 2321 in
1630 2296 1696 2333 pre

1326 2346 1435 2395 sepio
1453 2366 1462 2376 ·
1492 2344 1520 2366 ¹³
1531 2346 1583 2383 Et
1603 2346 1730 2384 subito

1322 2407 1424 2446 facta
1443 2414 1501 2447 est
1520 2421 1610 2447 cum
1629 2408 1770 2458 angelo

1322 2483 1525 2522 multitudo
1544 2484 1672 2521 exerci

1679 2468 1735 2505 †in
1743 2471 1849 2505 octa21

1702 2511 1745 2544 ba
1762 2511 1820 2543 dfii

2256 203 2311 251 75

1840 322 1882 355 ut
1901 314 2078 355 discessit
2100 315 2150 353 ab
2170 314 2243 354 illis

1840 379 2003 429 angelus
2023 378 2063 416 in
2083 377 2235 415 caelum
2251 397 2259 407 ·

1838 440 1891 480 Et
1912 441 2089 480 homines
2109 440 2159 477 illi
2179 451 2252 489 pas

1838 509 1942 542 tores
1964 503 2145 542 dixerunt
2165 502 2216 541 ad

1836 566 2008 605 inuicem
2054 572 2212 604 transea

1835 640 1923 667 mus
1942 641 2066 679 usque
2086 629 2126 666 in
2145 627 2238 666 beth

1835 690 1963 729 lehem
2010 698 2052 730 ut
2069 690 2273 729 uideamus

1834 754 1997 792 uerbum
2018 753 2126 804 quod
2146 752 2207 791 fac

1833 820 1917 854 tum
1936 823 1995 855 est
2042 816 2150 866 quod
2170 814 2245 854 dfis

1834 879 2004 917 ostendit
2025 879 2140 917 nobis
2154 898 2163 908 ·

1832 938 1860 961 ¹⁶
1869 941 1918 979 Et
1931 947 2121 980 uenerunt
2132 940 2299 980 festinan

1834 1010 1893 1042 tes
1913 1011 1951 1042 et
1969 1005 2201 1043 inuenerunt

1833 1066 1996 1104 mariam
2016 1072 2054 1104 et
2074 1065 2214 1117 ioseph

1833 1135 1871 1167 et
1891 1129 2079 1167 infantem
2098 1129 2188 1179 posi

1832 1197 1915 1229 tum
1935 1191 1974 1228 in
1994 1191 2174 1241 presepio

1831 1251 2059 1292 1''Uidentes
2073 1259 2203 1291 autem
2223 1264 2301 1304 cog

1832 1323 2026 1354 nouerunt
2045 1316 2093 1354 de
2112 1328 2179 1354 uer

1831 1378 1884 1416 bo
1932 1379 2039 1429 quod
2060 1379 2206 1417 dictum
2226 1384 2286 1417 est

1831 1440 1903 1479 illis
1924 1441 1972 1479 de
1993 1453 2117 1491 puero
2137 1441 2213 1480 hoc
2227 1461 2236 1471 -

1831 1505 1916 1545 ¹⁸Et
1928 1518 2067 1546 omnes
2080 1507 2146 1557 qui
2158 1506 2321 1545 aderant

1829 1656 1955 1695 mirati
1975 1663 2065 1695 sunt
2085 1656 2134 1696 de
2154 1656 2213 1695 his

1829 1731 1930 1770 quae
1951 1720 2177 1758 dicebantur
2192 1732 2214 1758 a
2226 1731 2297 1770 pas

1829 1782 1978 1821 toribus
1998 1783 2048 1821 ad
2068 1783 2174 1832 ipsos

1828 1844 1857 1866 ¹⁹
1869 1844 1995 1883 Maria
2010 1852 2140 1883 autern
2155 1857 2295 1884 conser

1825 1909 1943 1946 uabat
1962 1908 2095 1946 omnia
2113 1908 2234 1946 uerba

1824 1971 1921 2009 haec
1941 1969 2146 2009 conferens
2164 1970 2205 2008 in

1825 2033 1944 2072 corde
1958 2045 2029 2071 suo
2044 2055 2053 2065 ·
2077 2033 2107 2055 ²⁰
2118 2033 2171 2071 Et
2182 2045 2293 2072 reuer

1824 2096 1856 2135 si
1876 2103 1966 2134 sunt
1984 2103 2160 2147 pastores

1825 2159 2122 2209 magnificantes
2141 2165 2180 2197 et
2198 2158 2263 2197 lau

1826 2221 1963 2260 dantes
1983 2222 2049 2259 dm
2069 2222 2109 2259 in
2128 2221 2237 2259 ommi

1825 2284 1899 2322 bus
1920 2296 2020 2334 quae
2039 2284 2239 2322 audierant

1823 2353 1862 2385 et
1881 2347 2056 2385 uiderant
2076 2347 2176 2385 sicut

1823 2409 1926 2448 dicta
1941 2417 2029 2448 sunt
2045 2409 2093 2447 ad
2107 2409 2192 2448 illos
2206 2436 2217 2456 ,
2233 2426 2288 2443 m

1853 2484 1902 2522 Et
1914 2490 2122 2535 postquam
2130 2490 2288 2523 consu-

1321 2561 1382 2593 tus
1403 2555 1578 2593 caelestis
1623 2554 1766 2594 laudan
1796 2555 1914 2597 †mati
1934 2567 2005 2593 sun
2025 2554 2105 2593 dies
2124 2560 2215 2593 octo
2232 2574 2242 2585 ·

1319 2618 1415 2655 tium
1436 2618 1502 2656 dm
1525 2623 1562 2656 et
1581 2617 1750 2656 dicentia

1319 2680 1489 2718 “Gloria
1503 2681 1543 2718 in
1558 2680 1719 2718 excelsis
1733 2681 1784 2719 dc‘)

1819 2625 1862 2656 ut
1881 2617 2154 2656 circumcidere

1819 2686 1880 2718 tur
1896 2701 1905 2710 ·
1934 2680 1985 2718 Et
2003 2686 2190 2718 uocatum

1320 2749 1358 2782 et
1377 2743 1416 2780 in
1438 2749 1537 2781 terra
1556 2755 1632 2796 pax
1652 2742 1760 2781 homi
1817 2749 1876 2781 est
1898 2754 2045 2780 nornen
2065 2742 2148 2780 eius
2167 2741 2226 2780 ihs
2243 2761 2253 2773 ·

1319 2805 1431 2844 nibus
1451 2806 1577 2843 bonae
1595 2805 1715 2844 uolun

1818 2805 1938 2853 Quod
1957 2811 2140 2844 uocatum
2159 2809 2218 2843 est

1319 2868 1406 2907 tatis
1423 2889 1432 2899 ·
1462 2868 1490 2890 ¹⁶
1501 2868 1553 2907 Et
1565 2868 1783 2921 factumest
1815 2869 1866 2907 ab
1884 2868 2025 2919 angelo
2043 2868 2151 2918 prius

2037 2945 2103 2972 La

2348 317 2431 348 1¹01.
2448 317 2511 347 88.
