2872 3268
609 272 691 318 150
1185 260 1491 302 EDITORIS
1522 261 1831 302 NOTULAE.

606 379 686 414 Fol.
704 378 761 414 88.
798 387 831 422 7.
857 378 988 414 inuluit
1004 389 1054 413 m.
1060 380 1116 424 p.,
1134 388 1156 413 o
1173 379 1357 423 superscr.
1375 388 1470 413 corr.
1488 388 1537 412 m.
1543 379 1589 423 p.
1642 387 1695 412 10.
1721 376 1970 423 euangelizaui
1988 379 2098 424 m.p.,
2114 377 2265 414 addidit
2279 389 2302 415 o
2315 390 2411 415 corr.
2441 390 2453 400 ²

701 445 749 470 m.
793 459 803 470 .

605 498 685 534 Fol.
702 497 748 533 88
758 444 794 534 b3.
833 505 887 541 17.
911 497 1005 532 Post
1028 497 1075 533 de
1099 508 1164 532 uer
1187 496 1338 532 addidit
1360 497 1523 542 incuria,
1541 502 1607 532 unt
1631 507 1679 532 m.
1684 498 1727 542 p.
1748 495 1874 543 (lapsu
1898 495 2040 533 calami
2060 508 2110 533 ex
2130 499 2410 545 cognouerunt),

698 553 804 599 quod
813 554 932 588 erasit
945 553 1071 588 eadem
1088 563 1236 588 manus.
1285 562 1343 588 21.
1366 553 1417 588 In
1433 554 1608 599 margine
1623 552 1776 598 scripsit
1789 563 1839 589 m.
1857 562 1890 588 2.
1940 553 1962 590 ἢ-
1979 552 2017 588 in
2035 554 2170 590 octaba
2186 554 2251 590 dni
2265 555 2299 592 †.

605 620 684 656 Fol.
702 619 760 655 89.
797 629 854 655 22.
880 619 982 655 illum
997 621 1182 665 superscr.
1198 630 1294 655 corr.
1312 630 1362 654 m.
1367 621 1412 665 p.

606 687 685 722 Fol.
704 686 750 722 89
759 686 796 722 b.
832 695 888 732 29.
915 687 973 721 Ex
989 690 1077 721 ante
1093 697 1191 721 nunc
1207 697 1357 721 erasum
1373 690 1438 722 est.
1487 684 1627 735 dimitis
1644 696 1693 721 m.
1700 688 1755 732 p.,
1772 692 1787 722 t
1803 688 1986 732 superscr.
2003 697 2098 722 corr.
2116 698 2165 723 m.
2167 689 2212 734 p.
2273 697 2330 733 34.
2355 694 2410 724 tre

698 743 741 777 in
758 748 915 778 matrem
931 742 974 776 in
990 752 1131 776 rasura
1146 742 1330 787 scriptum
1346 745 1411 777 est.

605 809 635 844 F
638 809 684 844 ol.
701 807 759 844 90.
794 816 850 853 37.
875 808 1041 844 octuinta
1056 819 1106 843 ex
1119 814 1231 843 noctu
1247 811 1293 843 ut
1308 808 1437 852 udtur,
1454 808 1621 844 correxit
1635 819 1684 843 m.
1690 810 1734 855 p.
1791 818 1848 853 41.
1875 809 2052 845 solemnis
2070 821 2119 845 m.
2125 812 2180 856 p.,
2197 810 2210 845 l
2226 812 2409 856 superscr.

697 874 793 898 corr.
811 875 861 900 m.
866 866 910 909 p.
958 873 1016 907 42.
1042 863 1053 898 i
1059 864 1134 909 fin.
1151 864 1195 898 in
1212 863 1285 899 diei
1302 875 1412 898 erasa
1427 867 1492 899 est.
1552 872 1611 908 43.
1637 863 1768 900 diebus
1785 876 1834 899 m.
1840 866 1896 911 p.,
1912 865 2005 901 ebus
2021 866 2141 901 erasit
2155 869 2349 902 corrector.

605 931 684 966 Fol.
701 929 748 965 90
757 930 794 965 b.
830 939 888 974 44.
914 929 925 964 i
930 930 1006 975 fin.
1024 930 1067 965 ‘in
1085 929 1156 965 diei
1179 941 1289 964 erasa
1305 933 1369 965 est.
1426 930 1484 974 48.
1509 929 1605 966 uisio
1622 942 1670 965 m.
1680 933 1735 976 p.,
1752 931 1857 977 quod
1866 932 1910 967 in
1932 931 2013 967 uiso
2031 933 2200 968 mutauit
2215 937 2409 978 corrector,

697 985 882 1020 eradendo
899 985 922 1020 i.
971 997 1017 1021 ue
1034 986 1076 1020 in
1097 992 1327 1031 expauerunt
1350 986 1394 1020 in
1418 997 1558 1020 rasura
1580 987 1764 1032 scriptum
1788 991 1844 1022 est
1866 998 1890 1022 a
1915 998 1964 1022 m.
1981 989 2025 1033 p.
2073 999 2095 1024 e
2118 988 2162 1023 in
2186 994 2293 1034 pater
2315 1001 2364 1024 ex
2385 1000 2410 1025 u

698 1043 863 1077 correxit
877 1052 926 1076 m.
931 1043 973 1086 p.
1021 1050 1079 1086 49.
1105 1047 1225 1087 oprtet
1242 1052 1290 1076 m.
1297 1043 1352 1087 p.,
1369 1052 1393 1076 o
1408 1043 1590 1087 superscr.
1608 1051 1704 1077 corr.
1722 1053 1770 1077 m.
1778 1044 1821 1087 p.

606 1108 685 1143 Fol.
703 1107 761 1142 91.
796 1107 828 1142 3.
850 1117 879 1143 1.
906 1107 1067 1143 ituraeae
1084 1118 1134 1142 m.
1139 1109 1194 1153 p.,
1205 1108 1322 1153 prior
1335 1119 1359 1142 a
1375 1119 1484 1142 erasa
1500 1112 1565 1143 est.
1614 1117 1647 1152 3.
1673 1107 1819 1145 iodanis
1837 1120 1886 1143 m.
1890 1111 1946 1155 p.,
1963 1121 1982 1144 r
1998 1111 2181 1155 superscr.
2199 1121 2293 1146 corr.
2311 1122 2360 1146 m.
2364 1107 2425 1157 p.

604 1175 683 1210 Fol.
701 1174 744 1209 91
760 1174 797 1209 b.
831 1174 865 1210 6.
891 1185 978 1210 caro
1011 1185 1059 1209 m.
1080 1176 1137 1220 p.,
1170 1174 1297 1209 uoluit
1327 1185 1415 1210 cara
1445 1178 1631 1210 corrector
1652 1176 1854 1221 posterior.
1904 1176 1999 1211 Post
2021 1176 2061 1212 di
2076 1177 2212 1222 posuit
2234 1189 2283 1212 m.
2310 1187 2331 1213 2
2357 1179 2410 1221 †,·

698 1229 896 1275 eademque
919 1241 1056 1264 manus
1076 1230 1119 1264 in
1141 1231 1317 1276 margine
1333 1230 1354 1268 †
1372 1230 1419 1266 de
1444 1230 1605 1266 aduento
1629 1230 1791 1276 scripsit.
1841 1239 1875 1275 7.
1900 1236 1989 1268 cora
2012 1243 2062 1267 m.
2083 1234 2138 1278 p.,
2163 1233 2308 1274 erasit*-
2330 1244 2408 1270 cor-

698 1289 829 1321 rector.
878 1295 912 1331 9.
937 1297 988 1321 nn
1006 1297 1055 1320 m.
1060 1287 1114 1331 p.,
1133 1296 1156 1320 o
1172 1287 1357 1331 superscr.
1374 1296 1470 1321 corr.
1488 1297 1535 1321 m.
1543 1288 1587 1331 p.
1915 1284 1917 1287 ’

603 1353 634 1388 F
637 1352 683 1387 ol.
701 1351 759 1387 92.
797 1362 852 1388 12.
877 1352 966 1388 ilum
983 1363 1032 1387 m.
1037 1354 1093 1398 p.,
1111 1352 1124 1387 l
1139 1354 1322 1398 superscr.
1338 1363 1434 1388 corr.
1451 1363 1500 1387 m.
1505 1354 1547 1398 p.
1600 1352 1654 1388 16.
1679 1351 1793 1398 inqua
1809 1363 1858 1387 m.
1862 1355 1918 1398 p.,
1936 1365 1959 1388 a
1975 1355 2158 1399 superscr.
2175 1365 2271 1391 corr.
2289 1366 2338 1391 m.
2341 1358 2385 1402 p.

603 1420 634 1454 F
637 1419 684 1454 ol.
701 1418 748 1454 92
761 1419 797 1455 b.
835 1428 890 1464 19.
915 1419 1078 1455 tetrrcha
1094 1430 1143 1454 m.
1150 1421 1206 1465 p.,
1223 1431 1246 1454 a
1261 1421 1445 1465 superscr.
1462 1430 1557 1454 corr.
1576 1430 1625 1454 m.
1628 1421 1671 1465 p.
1722 1430 1812 1455 suae
1829 1431 1878 1455 m.
1884 1422 1940 1466 p.,
1959 1420 2015 1456 sui
2033 1432 2129 1457 corr.
2147 1433 2194 1458 m.
2199 1424 2243 1468 p.

604 1486 683 1521 Fol.
700 1485 758 1520 94.
793 1485 827 1520 4.
857 1495 910 1530 14.
934 1486 1054 1521 Prior
1069 1497 1093 1521 u
1108 1486 1152 1520 in
1173 1497 1345 1521 reuersus
1365 1486 1408 1521 in
1424 1496 1565 1520 rasura
1586 1486 1729 1531 scripta
1751 1490 1815 1531 est,
1833 1486 1901 1521 sed
1912 1498 1936 1521 a
1953 1498 2001 1522 m.
2005 1490 2049 1533 p.
2111 1496 2165 1534 15.
2189 1488 2410 1526 nificabatur

695 1542 745 1577 ab
763 1541 937 1578 omnibus
953 1543 996 1577 in
1009 1553 1149 1577 rasura
1164 1542 1348 1587 scriptum
1365 1545 1429 1586 est,
1442 1541 1511 1576 sed
1522 1553 1547 1576 a
1563 1553 1612 1576 m.
1615 1543 1659 1588 p.
1703 1542 1757 1578 16.
1781 1541 1886 1578 Ante
1897 1542 2057 1580 nutritus
2073 1547 2130 1579 est
2139 1555 2281 1580 rasura
2294 1547 2410 1581 unius

697 1597 847 1633 litterae
862 1609 978 1643 quam
993 1609 1015 1633 e
1019 1598 1148 1644 fuisse
1163 1597 1281 1633 credo.
1474 1599 1476 1601 ’

603 1665 634 1699 F
637 1664 684 1700 ol.
701 1663 749 1699 94
761 1664 797 1699 b.
835 1664 889 1700 18.
914 1671 1086 1710 prpterea
1104 1690 1112 1699 .
1131 1690 1139 1699 .
1157 1691 1166 1699 .
1186 1663 1363 1709 pauribus
1381 1675 1428 1699 m.
1437 1665 1492 1709 p.,
1511 1675 1534 1699 0
1551 1690 1560 1699 .
1581 1690 1589 1699 .
1609 1691 1616 1700 .
1635 1675 1683 1710 pe
1699 1666 1884 1710 superscr.
1903 1676 1999 1702 corr.
2016 1677 2065 1702 m.
2070 1668 2114 1712 p.

702 1729 755 1765 19.
780 1731 819 1756 re
831 1721 875 1755 in
891 1719 1111 1756 redditionis
1127 1721 1311 1765 superscr.
1329 1730 1425 1754 corr.
1443 1730 1493 1754 m.
1498 1721 1543 1765 p.

604 1786 686 1823 Fol.
702 1786 760 1822 95.
794 1796 814 1821 2
821 1794 851 1832 5.
877 1786 985 1822 annis
1002 1786 1120 1822 tribus
1137 1793 1174 1822 et
1193 1798 1200 1822 :
1226 1787 1430 1832 scripserat
1446 1787 1585 1832 primo,
1603 1786 1768 1830 incuria,
1787 1787 1908 1822 scriba
1925 1787 2084 1824 annibus
2107 1795 2144 1825 et
2169 1799 2287 1834 mens,
2310 1790 2414 1836 quod

696 1841 837 1877 deleuit
865 1843 944 1888 ipse
976 1846 1013 1877 et
1043 1841 1152 1877 annis
1185 1841 1302 1877 tribus
1335 1847 1373 1878 et
1399 1842 1543 1887 posuit.
1593 1852 1707 1887 mgna
1737 1853 1786 1876 m.
1809 1844 1865 1888 p.,
1899 1854 1923 1879 a
1946 1845 2130 1890 superscr.
2163 1855 2259 1881 corr.
2292 1856 2341 1881 m.
2365 1848 2408 1892 p.

698 1907 755 1943 29.
781 1897 1055 1943 supercilicium
1073 1909 1121 1932 m.
1133 1899 1184 1944 p.,
1202 1897 1270 1932 sed
1282 1897 1315 1933 ci
1333 1897 1492 1933 secundo
1509 1897 1586 1932 loco
1603 1908 1753 1932 erasum
1769 1902 1833 1933 est.

604 1964 684 1999 Fol.
702 1964 748 2000 95
758 1965 794 2000 b.
828 1973 884 2009 34.
910 1964 1043 2010 prdere
1059 1975 1108 1999 m.
1116 1966 1167 2010 p.,
1185 1975 1206 1999 e
1222 1966 1407 2010 superscr.
1425 1975 1521 1999 corr.
1538 1975 1587 1999 m.
1590 1966 1634 2010 p.

603 2031 633 2066 F
636 2031 683 2066 ol.
701 2030 759 2066 96.
793 2040 850 2076 39.
875 2030 1096 2066 minstrabat
1114 2042 1162 2066 m.
1165 2032 1221 2076 p.,
1239 2030 1250 2065 i
1268 2032 1452 2077 superscr.
1465 2041 1559 2066 corr.
1574 2041 1623 2065 m.
1628 2033 1673 2076 p.
1721 2040 1780 2074 41.
1805 2037 1842 2067 et
1860 2031 1995 2068 daem-
2010 2033 2054 2068 in
2069 2043 2211 2068 rasura
2226 2034 2407 2080 scriptum

696 2090 752 2122 est
769 2098 793 2121 a
809 2097 858 2121 m.
861 2088 905 2132 p.
955 2087 989 2122 5.
1019 2096 1048 2121 1.
1066 2098 1114 2122 au
1130 2087 1173 2121 in
1191 2086 1364 2122 audirent
1380 2088 1564 2133 superscr.
1581 2097 1678 2122 corr.
1695 2097 1744 2121 m.
1748 2088 1791 2133 p.

604 2153 686 2189 Fol.
703 2153 750 2188 96
763 2154 799 2189 b.
834 2161 866 2199 5.
891 2153 991 2188 simn
1007 2165 1056 2188 m.
1060 2156 1116 2199 p.,
1133 2164 1156 2188 o
1172 2155 1359 2199 superscr.
1376 2164 1472 2188 corr.
1490 2164 1539 2188 m.
1544 2155 1588 2199 p.

602 2221 633 2256 F
636 2220 685 2255 ol.
701 2219 759 2255 97.
796 2229 850 2264 13.
875 2219 1026 2256 dicessit
1042 2231 1090 2255 m.
1098 2221 1153 2266 p.,
1172 2231 1190 2255 s
1205 2222 1388 2265 superscr.
1405 2231 1501 2255 corr.
1518 2231 1567 2255 m.
1572 2222 1616 2266 p.

604 2287 684 2322 Fol.
701 2286 749 2321 97
760 2286 797 2322 b.
834 2294 889 2330 17.
906 2296 963 2322 22.
987 2292 1042 2322 ert
1061 2312 1069 2321 .
1088 2312 1097 2321 .
1116 2312 1124 2321 .
1142 2286 1291 2331 cognuit
1308 2297 1357 2321 m.
1365 2288 1420 2332 p.,
1437 2297 1461 2322 a
1478 2313 1487 2322 .
1506 2312 1514 2321 .
1533 2312 1541 2321 .
1560 2298 1583 2322 0
1599 2287 1782 2332 superscr.
1799 2297 1895 2321 corr.
1912 2298 1961 2322 m.
1966 2289 2010 2333 p.

603 2354 633 2388 F
637 2353 685 2388 ol.
710 2352 756 2388 98
769 2353 805 2388 b.
839 2362 895 2397 30.
922 2362 979 2397 33.
1003 2352 1084 2388 bibt
1104 2378 1112 2387 .
1132 2378 1140 2387 .
1159 2378 1168 2387 .
1184 2352 1374 2398 frequnter
1403 2363 1452 2387 m.
1459 2354 1515 2398 p.,
1541 2364 1562 2388 e
1581 2378 1590 2387 .
1607 2379 1615 2387 .
1638 2363 1685 2388 .e
1709 2354 1893 2399 superscr.
1918 2365 2014 2389 corr.
2040 2365 2089 2389 m.
2100 2356 2143 2400 p.
2209 2363 2266 2400 35.
2296 2366 2335 2391 re
2362 2357 2406 2392 in

697 2408 882 2444 auferetur
896 2410 1080 2455 superscr.
1096 2419 1191 2444 corr.
1208 2419 1257 2443 m.
1261 2409 1305 2453 p.

602 2475 684 2511 Fol.
701 2475 758 2510 99.
792 2475 826 2510 6.
844 2484 877 2519 3.
903 2481 1009 2511 erant
1025 2486 1074 2509 ex
1087 2474 1184 2510 irant
1200 2475 1364 2511 correxit
1377 2485 1426 2509 m.
1435 2476 1475 2520 p.

604 2542 685 2577 Fol.
702 2542 748 2577 99
759 2542 795 2577 b.
828 2551 862 2587 9.
887 2541 1123 2587 interrogabo
1140 2552 1189 2576 ex
1203 2540 1421 2586 interogabo
1437 2541 1604 2576 correxit
1617 2552 1666 2577 m.
1671 2543 1715 2588 p.

605 2608 686 2643 Fol.
705 2608 784 2644 100.
821 2618 875 2654 13.
898 2618 950 2652 14.
975 2608 1072 2654 elegt
1089 2634 1098 2643 .
1117 2634 1126 2643 .
1145 2634 1153 2643 .
1171 2607 1427 2653 cgnominauit
1443 2619 1492 2642 m.
1498 2610 1552 2654 p.,
1570 2606 1581 2642 i
1601 2634 1609 2643 .
1629 2634 1638 2643 .
1656 2634 1664 2643 .
1683 2619 1705 2643 o
1722 2610 1904 2654 superscr.
1922 2620 2017 2645 corr.
2031 2621 2080 2645 m.
2085 2612 2129 2656 p.

604 2675 634 2710 F
638 2675 685 2710 ol.
705 2675 772 2710 100
783 2676 819 2711 b.
853 2685 910 2710 20.
935 2686 958 2710 a
974 2676 1016 2710 in
1034 2674 1141 2710 Beati
1158 2675 1200 2710 in
1217 2684 1358 2710 rasura
1373 2675 1515 2721 scripta
1531 2678 1587 2710 est
1601 2687 1626 2710 a
1642 2685 1691 2710 m.
1697 2677 1741 2721 p.

605 2741 686 2776 Fol.
706 2741 783 2776 101.
817 2742 874 2777 28.
898 2753 943 2787 pr
959 2744 1067 2788 m.p.,
1085 2753 1108 2777 o
1125 2743 1308 2787 superscr.
1322 2753 1417 2777 corr.
1435 2753 1484 2777 m.
1492 2743 1534 2788 p.
1583 2751 1640 2787 29.
1665 2741 1733 2778 tibi
1751 2748 1792 2778 tu
1807 2743 1851 2779 in
1867 2754 2007 2779 rasura
2029 2743 2091 2791 qui
2117 2755 2165 2780 au
2181 2745 2363 2792 scriptum
2380 2757 2405 2781 a

699 2807 748 2830 m.
758 2798 814 2842 p.,
830 2808 926 2842 quae
942 2797 1053 2843 lapsu
1070 2797 1132 2844 qui
1149 2797 1267 2834 aufert
1284 2797 1479 2844 duplicare
1493 2799 1694 2846 inceperat.
