2872 3268
97 320 180 354 1⁸01.
192 321 253 354 86.

115 2384 140 2425 ’1-
153 2384 209 2418 inc

281 197 376 230 XIII.
391 198 556 240 54—XIV.
571 195 640 239 23·]

280 314 320 352 in
339 315 504 365 patriam
523 321 631 354 sua--

279 375 446 416 docebat
464 389 532 417 eos
551 378 591 415 in

277 440 488 490 synagogis
506 443 600 479 eoru
613 456 621 465 ·

278 501 339 540 Ita
358 508 400 540 ut
413 502 583 541 miraren

277 570 338 603 tur
390 571 428 603 et
447 564 619 604 dicerent
635 585 643 595 ·

276 626 380 666 unde
399 626 487 665 huic
507 627 591 677 sapi

275 689 379 727 entia
398 689 494 727 haec
516 695 554 727 et
572 689 630 727 uir

275 757 375 790 tutes
389 768 398 778 ·
429 751 459 773 ⁵⁵
471 751 617 790 Nonne

274 813 337 852 hic
356 820 415 852 est
432 813 530 852 fabri
548 813 600 851 fili

274 887 343 914 us·
374 875 520 915 Nonne
540 887 606 913 ma

273 945 330 977 ter
348 938 430 976 eius
450 937 585 976 dicitur

273 1000 395 1039 maria
409 1023 418 1033 ·
446 1007 486 1039 et
502 1000 560 1038 fra

273 1069 351 1102 tres
370 1063 451 1102 eius
470 1062 557 1102 iaco

273 1126 346 1165 bus
364 1133 404 1165 et
421 1125 580 1176 ioseph·

271 1187 324 1228 Et
343 1189 471 1228 simon
489 1196 528 1227 et
546 1187 656 1227 iudas
669 1211 678 1221 -

271 1250 302 1273 ⁸⁶
313 1251 365 1290 Et
384 1262 535 1291 sorores
553 1250 635 1289 eius

273 1325 405 1353 nonne
423 1325 562 1352 omnes
581 1325 604 1352 a

272 1375 353 1426 pud
372 1387 445 1415 nos
468 1382 576 1414 sunt·

271 1438 375 1477 unde
394 1450 489 1488 ergo
507 1437 596 1477 huic

272 1501 404 1540 omnia
422 1501 515 1539 ista·
554 1500 585 1522 ¹⁵⁷
595 1498 646 1539 Et

304 1572 402 1600 ÷1111
426 1564 581 1598 calendas
596 1564 739 1597 sebtem-

272 1608 348 1641 bres
393 1609 555 1651 pustridie
601 1608 739 1641 iohanni

271 1653 425 1695 bapteste

271 1708 631 1747 scandalizabantur

271 1771 313 1808 in
331 1782 400 1810 eo·
431 1770 490 1809 ihs
509 1777 627 1809 aute·

273 1833 367 1872 dixit
384 1833 439 1871 eis
493 1845 574 1871 non
593 1840 651 1874 est

271 1894 420 1946 profeta
439 1895 520 1934 sine
539 1895 592 1935 ho

273 1969 368 1997 nore
388 1958 461 1996 nisi
479 1957 519 1995 in
538 1970 590 2008 pa

272 2020 343 2059 tria
361 2032 430 2059 sua
449 2027 488 2058 et
505 2020 545 2058 in
565 2020 617 2060 do

271 2094 339 2122 mo
358 2094 449 2121 sua·
479 2082 607 2122 ”ideo

270 2157 354 2184 non
372 2144 461 2184 fecit
478 2145 530 2183 ibi
548 2145 606 2183 uir

272 2213 370 2246 tutes
388 2207 550 2246 multas·

271 2276 429 2321 propter
447 2270 554 2309 incre

270 2331 471 2371 dulitatem
490 2332 556 2372 illo

270 2406 379 2433 rum·
419 2393 608 2435 †14.¹1n
620 2394 686 2434 illo

269 2463 445 2508 tempore
465 2457 554 2496 andi
582 2483 684 2517 lectio
693 2479 740 2517 s-c‘i

271 2520 329 2558 uit
345 2519 509 2559 herodes
522 2526 560 2558 te
583 2527 740 2560 iohannis

273 2581 427 2620 trarcha
446 2581 551 2620 fama
582 2571 735 2614 bapteste

273 2643 360 2681 ihu·
390 2641 454 2681 2οῖ
472 2644 524 2682 ait
541 2655 617 2693 pue

273 2706 325 2744 ris
344 2705 423 2743 suis
474 2705 554 2744 Hic
573 2712 632 2745 est

272 2767 460 2807 iohannes
478 2768 605 2818 baptis

273 2838 335 2870 ta·
364 2831 447 2881 ipse
467 2830 628 2869 surrexit

274 2905 298 2932 a
316 2892 477 2932 mortuis
491 2909 500 2920 ·
530 2899 570 2931 et
587 2892 676 2931 ideo

1114 187 1204 227 MA
1217 179 1447 227 TTHEU·

780 313 938 352 uirtutes
956 324 1104 364 operan

782 381 843 414 tur
860 375 901 413 in
920 388 968 414 eo
982 393 990 401 ·
1021 375 1034 396 ⁸
1047 374 1113 413 He

780 437 894 476 rodes
912 437 1016 475 enim
1034 444 1126 476 tenu

780 499 809 537 it
828 499 1039 538 iohannem
1058 505 1096 538 et
1115 498 1152 537 al

779 560 911 611 ligauit
929 567 968 599 et
986 560 1089 600 misit

781 634 871 660 eum
889 623 930 660 in
949 628 1147 661 carcare‘-

779 684 942 735 Propter
960 685 1092 724 herodi

779 747 895 785 adam
914 759 1078 786 uxorem

778 809 938 860 philippi
957 809 1081 848 fratris

778 872 835 910 sui
848 889 857 897 ·
888 874 902 893 ⁴
916 871 1081 911 Dicebat
1099 877 1164 911 eni

777 934 828 972 illi
846 933 1024 973 iohannis
1045 955 1053 965 ·
1085 947 1167 974 non

776 996 866 1035 licet
885 997 952 1035 tibi
970 997 1112 1035 habere

776 1071 865 1098 eam
878 1079 887 1089 ·
916 1059 931 1080 ⁶
942 1059 993 1098 Et
1010 1060 1147 1100 uolens

777 1121 884 1160 illum
904 1122 1081 1161 occidere

777 1184 901 1222 timuit
919 1185 1107 1235 populum
1122 1210 1130 1218 ·

776 1247 866 1297 quia
885 1247 995 1297 quasi
1014 1247 1123 1298 profe

776 1315 857 1347 tam
875 1321 966 1347 eum
985 1309 1202 1348 habebant·

776 1371 875 1409 ὃ1)ἰο
895 1378 1024 1410 autem
1044 1372 1181 1411 natalis

775 1433 929 1472 herodis
945 1451 953 1460 ·
984 1434 1080 1473 salta

773 1496 827 1535 uit
845 1496 963 1535 filiam
982 1495 1115 1536 herodi

774 1705 857 1744 adis
875 1706 916 1743 in
935 1705 1064 1745 medio
1084 1706 1130 1745 tri

775 1768 891 1807 clinio
936 1775 974 1806 et
993 1768 1134 1819 placuit

775 1830 909 1869 herodi
921 1847 930 1856 ·
961 1830 1090 1869 ⁷unde

776 1905 866 1932 cum
887 1893 1103 1932 iuramento

774 1955 963 2006 pollicitus
982 1962 1040 1993 est
1058 1956 1092 1994 ei
1111 1955 1162 1996 da

774 2030 814 2057 re
833 2017 1105 2068 quodcumque

774 2080 1004 2131 postulasset
1023 2082 1074 2120 ab
1092 2093 1139 2120 eo
1153 2098 1161 2108 ·

773 2142 787 2164 ⁸
799 2143 853 2181 At
872 2142 934 2181 illa
952 2144 1193 2193 praemonita

773 2218 797 2244 a
816 2213 938 2244 matre
958 2213 1023 2244 sua
1042 2206 1156 2245 dixit·

773 2268 824 2307 da
843 2267 959 2306 mihic
978 2268 1040 2307 hic
1059 2268 1100 2307 in
1119 2268 1179 2308 dis

773 2343 823 2370 co
836 2348 844 2357 ·
874 2329 996 2381 kaput
1014 2331 1133 2370 iohan

773 2394 833 2431 nis
851 2394 1039 2444 baptistae
1055 2411 1064 2420 ·

773 2456 787 2477 ⁹
798 2456 850 2494 Et
867 2457 1092 2495 contritatus
1110 2464 1169 2496 est

773 2531 841 2558 rex
860 2519 1025 2558 herodes
1040 2537 1048 2546 ·

772 2588 931 2632 propter
949 2582 1122 2621 iuramen

773 2650 855 2682 tum
875 2649 1005 2682 autem
1024 2651 1062 2683 et
1079 2651 1173 2695 pr⁰p

774 2713 831 2745 ter
850 2706 962 2744 simul
981 2719 1114 2745 recum

774 2768 911 2807 bentes
929 2769 1037 2807 iussit
1055 2769 1138 2807 dari
1153 2789 1162 2800 ·

773 2829 803 2852 ¹⁰
815 2829 866 2869 Et
883 2831 1039 2869 mittens
1056 2831 1205 2871 decolla

773 2893 828 2930 uit
845 2892 1054 2932 iohannem
1073 2894 1114 2932 in

1320 323 1494 350 carcere·
1524 310 1553 332 ¹¹
1564 316 1603 350 et
1627 309 1679 349 ad

1319 373 1440 412 latum
1459 379 1517 411 est
1535 373 1666 424 capud

1319 436 1402 474 eius
1419 436 1461 473 in
1479 435 1590 474 disco
1637 442 1676 474 et

1318 497 1451 536 datum
1470 504 1528 536 est
1546 497 1694 548 puellae
1707 517 1716 527 ·

1318 565 1357 597 et
1376 559 1499 598 attulit
1518 560 1630 598 matri

1317 634 1409 660 suae
1425 642 1435 652 ·
1473 620 1503 643 ¹²
1513 621 1565 659 Et
1583 634 1719 661 accese

1316 690 1406 723 runt
1425 683 1603 734 discipuli
1622 684 1704 723 eius

1316 753 1354 785 et
1372 747 1538 785 tulerunt
1556 759 1624 786 cor

1317 821 1390 859 pus
1410 809 1490 847 eius
1509 816 1547 847 et
1562 809 1666 859 sepel

1316 871 1454 909 lierunt
1473 871 1564 909 illud
1611 877 1650 910 et

1316 940 1507 972 uenerunt
1551 939 1589 972 et
1607 946 1648 972 re

1318 996 1593 1034 nuntiauerunt

1316 1058 1405 1096 ihu·
1436 1057 1464 1079 ¹³
1476 1057 1568 1105 Quo
1589 1058 1678 1096 audi

1317 1127 1359 1159 tu
1377 1120 1437 1159 ihs
1457 1121 1614 1159 secessit
1631 1121 1671 1159 in

1316 1183 1364 1221 de
1384 1183 1423 1221 in
1444 1183 1622 1221 nauicula
1635 1203 1644 1214 ·

1315 1246 1355 1284 in
1373 1245 1503 1284 locum
1522 1245 1633 1285 deser

1315 1315 1397 1346 tum
1420 1320 1594 1347 seorsum

1314 1369 1366 1409 Et
1384 1382 1475 1409 cum
1494 1370 1690 1409 audissent

1313 1434 1446 1471 turbae
1500 1439 1653 1472 secutae

1312 1502 1402 1534 sunt
1420 1507 1510 1534 eum
1530 1506 1580 1546 pe

1311 1704 1436 1743 destre
1456 1703 1504 1743 de
1523 1705 1638 1743 ciuita

1310 1767 1431 1805 tibus·
1462 1767 1491 1788 ¹⁴
1502 1774 1540 1805 et
1559 1768 1714 1806 exsiens

1311 1830 1370 1868 ihs
1389 1829 1483 1868 uidit
1501 1831 1655 1868 turbam

1310 1892 1472 1931 multam
1517 1899 1556 1930 et
1574 1893 1628 1930 mi

1311 1962 1433 1994 sertus
1451 1962 1508 1994 est
1526 1967 1599 2005 pro
1617 1954 1689 1993 illis

1310 2025 1349 2056 et
1367 2018 1514 2057 curauit
1532 2018 1663 2068 langui

1310 2080 1382 2133 dos
1400 2092 1536 2119 eorum
1549 2097 1558 2106 ·
1633 2075 1711 2107 finet

1309 2142 1338 2164 ¹⁵
1350 2141 1523 2193 Uespere
1542 2148 1671 2180 autem
1688 2142 1751 2181 fac

1310 2212 1351 2244 to
1371 2211 1598 2244 acceserunt

1311 2267 1361 2306 ad
1379 2279 1469 2306 eum
1487 2266 1662 2317 discipuli

1309 2331 1391 2369 eius
1410 2330 1581 2368 dicentes
1593 2347 1602 2356 ·

1310 2393 1482 2432 desertus
1500 2399 1558 2431 est
1576 2392 1615 2432 lo

1310 2468 1379 2495 cus
1425 2462 1464 2494 et
1482 2455 1578 2494 hora
1595 2455 1673 2494 iam
1735 2484 1740 2488 .

1309 2519 1502 2570 praeteriit
1520 2518 1630 2557 dimit

1309 2588 1346 2620 te
1365 2581 1497 2620 turbas
1515 2587 1558 2619 ut
1576 2592 1653 2619 eun

1308 2651 1369 2683 tes
1387 2644 1427 2681 in
1446 2643 1603 2682 castella

1309 2713 1442 2745 emant
1462 2706 1533 2744 sibi
1552 2717 1663 2745 escas

1309 2768 1415 2807 1⁴⁵Ihs
1433 2774 1563 2807 autem
1582 2768 1697 2808 dixit·

1309 2844 1390 2870 non
1409 2831 1554 2870 habent
1573 2843 1689 2870 neces

1310 2905 1351 2932 30
1370 2893 1423 2932 ire
1436 2911 1445 2920 ·
1475 2893 1564 2932 date
1582 2893 1654 2933 illis
1672 2906 1744 2934 uos

2240 200 2290 244 19

1824 311 2084 352 manducare·
2103 336 2110 345 ·

1820 371 1851 395 ¹⁷
1864 373 2167 424 Responderunt
2185 379 2220 416 ei

1819 447 1900 474 non
1918 436 2106 477 habemus
2124 437 2181 478 hie
2199 457 2207 467 ·

1820 498 1892 536 nisi
1910 499 2079 550 quinque
2098 514 2151 551 pa

1822 572 1891 599 nes
1947 568 1984 599 et
2004 562 2102 602 duos
2122 564 2181 614 pis

1821 635 1887 662 ces
1901 640 1909 649 ·
1939 622 1968 645 ¹⁸
1980 623 2031 662 Et
2049 625 2102 664 ait
2120 626 2180 664 ihs

1821 685 1966 724 adferte
1985 699 2053 725 eos
2073 687 2124 726 ad

1820 759 1884 786 me
1899 764 1907 773 ·
1935 748 1963 770 ¹⁹
1975 748 2026 787 Et
2044 761 2134 788 cum
2153 751 2212 790 ius

1821 810 1931 848 sisset
1949 811 2103 850 turbam

1820 872 2060 912 discumbere
2080 886 2125 912 su

1821 947 1891 985 pra
1910 935 2044 974 fenum
2057 954 2065 962 ·
2096 937 2157 976 Ac

1819 998 1941 1048 ceptis
1960 998 2132 1048 quinque

1817 1060 1983 1111 panibus
2028 1067 2066 1099 et
2086 1060 2139 1099 du

1817 1122 1916 1161 obus
1935 1123 2106 1172 piscibus
2119 1140 2127 1148 ·

1816 1184 2020 1234 Aspiciens
2038 1185 2078 1223 in
2098 1185 2206 1224 caeli-1
2219 1204 2228 1213 ·

1817 1247 2012 1286 benedixit
2031 1254 2069 1287 et
2087 1248 2143 1287 fre

1815 1309 1870 1359 git
1889 1315 1927 1348 et
1945 1309 2048 1348 dedit
2066 1310 2161 1349 disci

1814 1372 1913 1423 pulis
1933 1384 2074 1422 panes·
2102 1373 2161 1411 dis

1816 1434 1931 1484 cipuli
1951 1441 2079 1473 autem
2097 1441 2159 1474 tur

1816 1497 1875 1536 bis
1888 1514 1897 1523 ·
1926 1494 2005 1536 ²⁰et
2022 1496 2216 1537 manduca

1816 1714 1955 1746 uerunt
1973 1720 2112 1747 omnes
2131 1715 2171 1747 et

1816 1771 1973 1808 saturati
1992 1777 2081 1809 sunt
2095 1788 2105 1797 ·

1814 1838 1853 1870 et
1871 1831 2048 1882 reliquias
2068 1833 2164 1872 colle

1813 1901 1951 1945 gerunt
1969 1895 2164 1934 duodeci-

1814 1956 1963 1996 cofinos
1981 1957 2118 2007 plenos
2134 1979 2142 1988 ·

1813 2017 1841 2039 ²¹
1853 2018 2175 2059 Manducantium
2194 2033 2245 2060 au

1814 2089 1894 2121 tem
1914 2082 1983 2120 fuit
2001 2095 2184 2122 numerus
2196 2101 2204 2110 ·

1815 2145 1985 2195 quinque
2004 2145 2108 2184 milia
2126 2146 2166 2184 ui

1813 2220 1963 2246 rorum·
1994 2219 2118 2258 excep

1813 2270 1861 2309 tis
1880 2270 2006 2321 pueris
2024 2276 2062 2308 et
2079 2269 2173 2309 muli

1814 2333 1942 2371 eribus
1957 2356 1965 2365 ·
1994 2331 2085 2371 ”Et
2104 2333 2220 2372 stati*

1813 2395 1872 2433 ihs
1890 2395 1997 2433 iussit
2017 2395 2166 2445 discipu

1813 2457 1871 2497 los
1895 2470 1986 2496 suos
2005 2457 2173 2496 ascende

1811 2532 1852 2558 re
1871 2521 1912 2558 in
1931 2520 2150 2559 nauiculam
2163 2541 2173 2551 ·

1810 2589 1848 2621 et
1866 2582 2094 2633 praecedere
2116 2589 2198 2622 eu-

1810 2652 1916 2685 trans
1935 2645 2073 2684 fretum
2088 2662 2097 2672 ·

1811 2708 1936 2747 donec
1955 2708 2036 2758 ipse
2055 2707 2204 2747 dimitte

1807 2778 1866 2810 ret
1883 2772 2014 2810 turbas
2027 2791 2036 2801 ·
2073 2769 2102 2792 ²³
2115 2771 2166 2810 Et
2184 2770 2224 2811 di

1809 2834 1928 2873 missa
1946 2835 2057 2872 turba
2076 2846 2120 2873 as

1810 2896 1938 2936 cendit
1956 2897 1996 2935 in
2015 2908 2111 2935 mon

2000 2996 2070 3023 1³2

2308 307 2389 340 rol.
2402 308 2459 341 37.
