2872 3268
1035 230 1336 270 EDITORIS
1363 231 1415 271 N
1415 231 1450 270 O
1457 230 1670 271 TULAE.
2168 198 2222 284 14
2223 239 2248 286 5

448 343 530 378 Fol.
547 341 606 378 80.
638 343 688 378 In
715 342 835 388 capite
858 343 1029 390 paginae
1051 343 1204 389 scripsit
1224 354 1362 379 manus
1386 353 1407 379 2
1432 343 1540 380 lectio
1564 343 1603 379 in
1621 343 1764 390 uegiliis
1789 355 1902 391 pasce
1926 356 1993 391 per
2015 345 2143 383 altare.
2191 346 2250 383 66.

544 398 755 443 sepulcrum
772 409 820 433 m.
826 400 881 444 p.,
899 399 924 433 h
941 401 1123 445 superscr.
1140 410 1235 435 corr.
1253 410 1301 434 m.
1303 401 1348 445 p.

450 461 530 497 Fol.
548 461 595 497 80
607 462 643 497 b.
677 461 734 497 28.
752 462 786 497 8.
810 462 913 497 Ante
930 469 966 498 et
975 463 1110 508 posuit
1125 463 1146 500 †
1163 474 1212 498 m.
1230 473 1264 507 2,
1281 462 1450 498 lectionis
1453 462 1575 508 finem
1593 465 1638 498 ut
1652 462 1774 498 udtur
1788 466 1935 499 notans.

549 526 563 552 1
573 526 603 552 1.
627 516 866 554 nntiauerunt
883 529 933 553 m.
938 520 993 564 p.,
1012 530 1035 553 u
1051 520 1234 564 superscr.
1250 529 1346 554 corr.
1363 529 1413 553 m.
1418 520 1473 564 p.,
1490 519 1579 553 item
1598 518 1652 553 nti
1669 518 1711 553 in
1728 530 1804 554 ras.
1821 518 1874 554 tia
1890 530 1960 555 scr.
1978 522 2042 555 est.

449 581 530 618 Fol.
548 579 605 615 81.
637 581 687 616 In
703 582 824 627 capite
830 582 1002 628 paginae
1016 582 1169 627 scripsit
1183 593 1232 617 m.
1247 591 1268 617 2
1285 581 1394 617 lectio
1412 581 1520 617 tertia
1533 581 1582 617 ad
1596 582 1747 617 Fontes.
1800 590 1853 627 15.
1868 582 2124 628 diuuulgatum
2140 595 2191 619 m.
2194 586 2250 630 p.,

534 636 708 681 primam
732 647 756 671 u
772 637 1009 681 perlineauit
1031 641 1067 672 et
1089 638 1275 683 expunxit
1296 648 1390 673 corr.
1407 648 1456 672 m.
1461 639 1517 682 p.,
1542 636 1672 672 deinde
1696 638 1814 672 erasit
1832 648 1926 673 corr.
1942 640 2142 684 posterior.
2197 640 2251 675 16.

543 690 648 726 Ante
666 691 843 727 Undeci-
850 693 984 738 posuit
999 693 1021 730 †
1038 704 1087 727 m.
1100 702 1132 737 2,
1144 693 1267 738 finem
1283 697 1329 728 ut
1343 693 1464 728 udtur
1477 692 1646 728 lectionis
1661 697 1806 728 notans.
1836 693 1889 729 18.
1906 693 2010 729 Ante
2022 694 2110 730 data
2117 697 2254 741 posuit

543 746 670 781 eadem
686 758 823 782 manus
840 748 861 785 †
878 759 974 793 quae
989 749 1102 783 etiam
1118 749 1161 783 in
1176 749 1335 784 sim‘stra
1350 749 1524 794 margine
1540 748 1577 784 in
1594 747 1670 794 uigi
1692 747 1697 794 Ι
1718 747 1776 784 liis
1798 747 1803 794 Ι
1826 760 1937 795 pasce
1953 750 2115 795 sempsit.

452 810 532 846 Fol.
550 810 593 845 81
609 810 645 845 b.
680 811 729 846 In
761 812 881 857 capite
905 813 1076 858 paginae
1104 813 1257 858 scripsit
1279 823 1328 847 m.
1346 822 1366 847 2
1393 811 1557 847 seconda
1586 811 1666 847 firia
1690 811 1728 847 in
1753 812 1872 848 albas.
1921 812 2038 849 initia.
2068 814 2249 861 euangelii

544 866 696 901 secund.
713 866 874 902 iohanne
891 879 915 902 a
931 879 981 902 m.
985 869 1029 914 p.
1045 868 1227 913 scriptum
1244 872 1308 903 est.

451 929 532 966 Fol.
550 929 631 965 203.
666 930 698 965 1.
716 938 748 973 7.
773 930 1050 967 utestimonium
1075 931 1258 977 periberet
1283 942 1332 966 m.
1335 933 1390 977 p.,
1413 936 1428 966 t
1448 934 1487 966 et
1507 931 1534 966 h
1554 932 1735 976 superscr.
1757 941 1852 966 corr.
1875 934 1921 967 ut
1937 932 2053 976 credo,
2072 944 2120 968 m.
2124 936 2166 979 p.
2217 935 2250 970 8.

543 986 646 1021 lumn
663 996 712 1020 m.
713 988 770 1031 p.,
786 997 808 1022 e
820 988 1002 1032 superscr.
1018 998 1113 1022 corr.
1131 998 1180 1021 m.
1185 989 1228 1032 p.

544 1050 579 1086 9.
600 1050 654 1077 10.
679 1041 757 1077 hun
776 1067 785 1077 .
802 1067 811 1077 .
831 1069 838 1077 .
856 1042 903 1077 hc
921 1053 969 1077 m.
974 1044 1030 1088 p.,
1047 1054 1068 1078 c
1086 1068 1095 1077 .
1114 1068 1122 1078 .
1141 1068 1149 1077 .
1168 1053 1190 1077 o
1207 1043 1389 1087 superscr.
1407 1052 1502 1077 corr.
1516 1052 1564 1076 m.
1569 1043 1614 1087 p.

451 1104 531 1140 Fol.
549 1104 619 1141 203
629 1105 665 1140 b.
704 1113 757 1150 15.
781 1105 885 1140 Ante
900 1105 1080 1142 iohannes
1091 1106 1225 1152 posuit
1239 1106 1261 1142 †
1278 1117 1327 1140 m.
1343 1117 1374 1149 2,
1381 1105 1503 1151 finem
1519 1109 1565 1140 ut
1580 1104 1700 1140 udtur
1715 1103 1883 1142 lectionis
1898 1109 2045 1142 notans.

451 1168 532 1203 Fol.
549 1167 630 1204 204.
660 1177 716 1203 22.
743 1168 846 1214 quies
864 1180 912 1204 m.
918 1171 974 1215 p.,
991 1181 1009 1205 s
1026 1172 1208 1215 superscr.
1225 1180 1320 1204 corr.
1337 1180 1386 1204 m.
1391 1171 1434 1214 p.

451 1232 532 1267 Fol.
549 1231 619 1267 204
631 1232 667 1268 b.
701 1232 749 1267 In
761 1232 858 1268 calce
865 1234 1035 1278 paginae
1050 1234 1203 1279 scripsit
1218 1245 1266 1268 m.
1285 1242 1305 1268 2
1331 1232 1509 1268 lectiones
1527 1243 1598 1278 que
1615 1219 1774 1269 debeent
1791 1232 1862 1279 legi
1876 1244 1943 1279 per
1958 1233 2006 1269 vii
2025 1234 2250 1273 domenecas

545 1287 653 1323 lectio
670 1286 791 1332 prima
808 1288 1023 1324 domeneca.

451 1351 532 1387 Fol.
550 1350 630 1386 205.
662 1360 720 1395 42.
745 1351 822 1397 qud
838 1363 887 1387 m.
892 1354 947 1397 p.,
965 1363 987 1387 o
1003 1354 1185 1398 superscr.
1203 1363 1298 1388 corr.
1315 1363 1364 1387 m.
1367 1353 1410 1397 p.

453 1414 670 1451 F01.205b.
702 1424 760 1459 43.
786 1425 843 1459 44.
868 1415 1007 1451 iuenit.
1053 1422 1238 1452 .erattem
1262 1427 1311 1450 m.
1322 1418 1428 1461 p.,n
1455 1440 1463 1450 .
1482 1441 1490 1449 .
1510 1441 1518 1449 .
1545 1425 1593 1450 au
1617 1417 1800 1461 superscr.
1826 1427 1922 1451 corr.
1947 1427 1996 1451 m.
2007 1419 2050 1462 p.
2075 1421 2122 1453 ut
2143 1419 2250 1454 credo

544 1478 603 1515 45.
629 1481 700 1516 que
717 1481 766 1506 m.
771 1473 814 1516 p.
806 1497 827 1515 .,
845 1482 871 1487 ··
887 1471 1037 1506 addidit
1052 1483 1189 1507 manus
1196 1471 1389 1517 posterzor
1403 1474 1448 1506 ut
1462 1469 1578 1506 credo.
1629 1471 1686 1513 48.
1704 1471 1814 1506 Inter
1828 1472 2038 1518 Respondit
2054 1476 2091 1508 et
2115 1472 2172 1509 ihs
2196 1478 2252 1510 est

545 1536 686 1561 rasura
701 1526 816 1571 quasi
829 1527 948 1561 trium
966 1526 1194 1562 li.tterarum

452 1589 533 1625 Fol.
550 1589 631 1625 206.
662 1590 712 1624 In
727 1590 847 1635 capite
854 1591 1025 1636 paginae
1040 1591 1192 1636 scripsit
1207 1601 1256 1625 m.
1271 1600 1292 1625 2
1318 1589 1426 1626 tertia
1442 1588 1577 1626 lectio
1568 1600 1606 1624 m
1625 1589 1684 1625 die
1701 1593 1766 1626 sco
1785 1589 1978 1636 Epefania.

452 1654 532 1689 Fol.
550 1653 621 1689 206
632 1653 669 1688 b.
702 1653 736 1688 2.
753 1662 787 1698 9.
808 1663 862 1688 10.
887 1653 1056 1699 ignorabt
1075 1680 1083 1689 .
1102 1680 1111 1690 .
1130 1680 1139 1690 .
1157 1653 1304 1691 inbriati
1321 1665 1370 1688 m.
1376 1655 1430 1699 p.,
1448 1664 1471 1688 a
1489 1679 1497 1687 .
1516 1679 1524 1688 .
1543 1679 1552 1688 .
1568 1664 1590 1689 e
1605 1655 1788 1699 superscr.
1805 1665 1899 1690 corr.
1917 1666 1970 1689 m..
1971 1657 2014 1700 p.

452 1716 534 1752 Fol.
552 1716 634 1752 207.
670 1724 723 1762 15.
741 1724 794 1760 17.
820 1717 902 1763 qusi
921 1743 930 1752 .
949 1743 957 1752 .
976 1743 985 1752 .
1002 1717 1118 1753 effudt
1138 1744 1145 1753 .
1164 1744 1172 1753 .
1192 1744 1200 1753 .
1218 1717 1358 1753 comdit
1375 1729 1423 1752 m.
1426 1719 1481 1763 p.,
1499 1727 1523 1752 a
1541 1743 1549 1752 .
1568 1743 1577 1752 .
1595 1743 1604 1752 .
1622 1716 1633 1751 i
1653 1743 1661 1751 .
1680 1743 1689 1752 .
1708 1744 1716 1753 .
1733 1729 1754 1752 e
1770 1720 1952 1764 superscr.
1969 1729 2063 1753 corr.
2081 1730 2129 1754 m.
2138 1719 2182 1764 p.

453 1780 535 1816 Fol.
551 1780 621 1816 207
633 1781 670 1816 b.
704 1790 760 1816 22.
779 1781 856 1827 qud
867 1792 916 1816 m.
923 1783 978 1827 p.,
996 1792 1019 1816 o
1035 1784 1216 1827 superscr.
1236 1792 1331 1817 corr.
1352 1792 1400 1816 m.
1404 1783 1447 1827 p.
1498 1789 1554 1824 24.
1582 1781 1668 1826 Ipse
1689 1792 1738 1816 ex
1760 1782 1847 1826 Ispe
1871 1783 2036 1818 correxit
2049 1793 2098 1818 m.
2100 1785 2144 1828 p.
2193 1790 2250 1829 25.

545 1842 624 1872 eset
639 1847 687 1871 m.
692 1838 748 1882 p.,
766 1848 787 1871 s
799 1839 980 1882 superscr.
997 1848 1091 1872 corr.
1108 1848 1157 1871 m.
1163 1839 1206 1882 p.

545 1890 605 1927 in.
630 1902 656 1926 n
672 1892 716 1927 in
731 1903 807 1927 ras.
823 1893 964 1937 scripta
979 1895 1061 1934 est,·
1083 1892 1204 1928 scriba
1227 1895 1272 1928 ut
1295 1891 1415 1927 udtur
1435 1890 1598 1927 ihomine
1619 1891 1830 1937 scripserat,
1855 1892 1960 1937 quod
1975 1893 2018 1929 in
2041 1892 2078 1929 in
2098 1892 2250 1930 homine

544 1947 709 1982 correxit
722 1947 812 1993 ipse.

453 2010 631 2048 F01.208.
662 2011 712 2046 In
727 2011 849 2057 capzte
855 2012 1027 2057 paginae
1037 2011 1190 2056 scripsit
1204 2021 1253 2046 m.
1268 2020 1288 2045 2
1313 2009 1421 2046 lectio
1438 2009 1558 2056 prima
1573 2010 1623 2046 ad
1640 2011 1791 2046 Fontes.

546 2066 579 2101 3.
597 2075 631 2110 4.
655 2066 770 2100 homo
789 2065 959 2111 (secundo
976 2066 1068 2111 loco)
1086 2077 1236 2101 erasum
1252 2068 1317 2101 est.
1369 2074 1399 2111 5.
1424 2065 1528 2100 Ante
1551 2065 1761 2111 Respondit
1785 2069 1841 2101 est
1862 2077 2001 2101 rasura
2025 2067 2139 2112 quasi
2159 2078 2209 2102 m.
2227 2077 2248 2102 2

538 2122 669 2168 primo
694 2122 717 2158 †
742 2122 952 2167 scripserat,
982 2122 1113 2156 deznde
1138 2125 1332 2157 eraserat:
1364 2124 1452 2156 ante
1476 2122 1598 2156 Amen
1626 2122 1668 2156 in
1693 2132 1814 2168 marg.
1840 2125 1896 2156 est
1922 2121 1960 2157 in
1982 2121 2113 2167 uigiliis
2136 2133 2250 2168 pasce

545 2188 663 2212 manu
682 2186 715 2211 2.
755 2177 788 2212 6.
815 2180 904 2222 qfim
921 2177 967 2213 de
984 2188 1096 2212 carne
1111 2183 1241 2212 natum
1257 2183 1315 2212 est
1331 2177 1450 2211 eraszt
1463 2180 1655 2212 corrector.

545 2233 579 2268 8.
594 2232 695 2270 enim
710 2234 892 2277 superscr.
908 2243 1003 2267 corr.
1022 2243 1071 2267 m.
1076 2234 1119 2278 p.
1174 2241 1226 2266 10.
1250 2232 1344 2267 Post
1358 2231 1548 2289 islposuit
1563 2232 1585 2268 †
1602 2243 1651 2266 m.
1665 2240 1685 2266 2
1707 2235 1745 2267 et
1763 2231 1889 2267 subter
1908 2232 2047 2268 lineam
2071 2232 2168 2268 duas
2188 2233 2254 2269 uel

544 2292 621 2323 tres
637 2287 793 2331 litteras,
811 2298 907 2332 quas
922 2298 1047 2322 omnes
1062 2287 1180 2322 erasit
1194 2291 1386 2323 corrector.

452 2346 632 2384 F01.209.
670 2346 723 2381 18.
748 2351 848 2382 atem
880 2357 929 2380 m.
938 2348 981 2391 p.
973 2372 993 2390 .‚
1026 2357 1051 2381 u
1078 2348 1260 2392 superscr.
1290 2357 1385 2381 corr.
1414 2356 1462 2380 m.
1472 2347 1516 2391 p.
1579 2346 1629 2381 In
1660 2356 1740 2380 zma
1768 2346 1920 2392 pagina
1959 2346 2113 2392 scripsit
2150 2357 2199 2382 m.
2227 2356 2248 2382 2

546 2401 711 2439 seconda
727 2401 931 2438 domeneca
947 2401 1142 2437 lectionem
1159 2412 1231 2447 que
1248 2401 1382 2437 debeat
1399 2397 1494 2446 legi.‘

453 2461 534 2496 Fol.
551 2459 620 2496 209
633 2459 670 2494 b.
703 2468 759 2504 29.
784 2459 1062 2504 habesponsam
1079 2471 1126 2494 m.
1132 2461 1187 2505 p.,
1205 2466 1220 2495 t
1235 2461 1417 2505 superscr.
1434 2470 1529 2495 corr.
1546 2470 1595 2493 m.
1601 2461 1655 2505 p.,
1673 2462 1719 2494 ut
1732 2458 1848 2494 credo.

547 2514 650 2560 spnsi
666 2525 715 2548 m.
717 2516 772 2560 p.,
790 2525 813 2549 o
830 2516 1011 2559 superscr.
1028 2525 1122 2550 corr.
1139 2526 1188 2549 m.
1191 2517 1234 2560 p.

453 2575 484 2610 F
487 2573 535 2609 ol.
551 2573 632 2608 210.
666 2581 723 2617 34.
748 2572 794 2607 ds
821 2576 906 2618 spm
933 2583 983 2606 ex
1008 2572 1118 2618 dspm
1142 2572 1307 2608 correxit
1327 2583 1376 2607 m.
1378 2573 1422 2618 p.
1469 2571 1503 2607 4.
1533 2581 1562 2606 1.
1587 2572 1636 2607 In
1661 2572 1834 2618 margine
1856 2571 2009 2617 scripsit
2031 2582 2079 2607 m.
2094 2581 2115 2607 2
2140 2572 2249 2609 tertia

548 2626 736 2663 dominica
751 2633 836 2672 post
853 2637 978 2672 pasca.

454 2687 535 2722 Fol.
552 2685 671 2721 2101).
706 2692 737 2730 5.
763 2684 839 2730 qud
855 2696 904 2719 m.
909 2686 964 2731 p.,
982 2695 1005 2719 o
1021 2686 1202 2731 superscr.
1220 2695 1314 2720 corr.
1332 2695 1381 2720 m.
1386 2686 1430 2731 p.
1482 2694 1539 2720 10.
1563 2690 1612 2720 et.
1630 2683 1712 2730 quis
1733 2682 1739 2729 Ι
1759 2690 1817 2719 est
1835 2683 1916 2730 quis
1931 2690 1988 2719 est
2005 2695 2054 2719 ηι
2059 2687 2114 2730 p.,
2130 2687 2250 2722 erasit

546 2746 584 2776 et
601 2739 683 2786 quis
700 2750 794 2775 corr.
811 2750 849 2774 m
851 2742 906 2785 p.
897 2766 917 2784 .,
933 2741 1022 2774 item
1037 2741 1207 2785 sequenti
1221 2740 1322 2775 lznea
1338 2745 1395 2775 est
1411 2751 1532 2783 erasa,
1549 2745 1586 2775 et
1601 2740 1643 2774 in
1660 2750 1799 2775 rasura
1796 2740 1949 2803 posuit,
1967 2739 2024 2775 ita
2043 2744 2090 2776 ut
2101 2747 2139 2777 et
2164 2741 2247 2788 quis

546 2801 603 2831 est
619 2794 812 2841 legeretur.
853 2794 943 2831 dicit
954 2806 1003 2830 ex
1017 2794 1115 2831 dicct
1129 2796 1293 2831 correxit
1307 2806 1356 2830 m.
1359 2796 1402 2840 p.
1858 2827 1861 2830 ⁴
1894 2828 1902 2831 γ,

1895 2855 1919 2881 υ
