2872 3268
503 226 558 258 12

327 341 485 374 1¹01.22.
517 333 558 372 in
577 333 786 384 synagogis
804 337 920 374 eon-1·

516 404 554 436 et
572 397 778 448 predicans
797 410 899 437 euan

516 461 660 511 gelium
680 460 790 510 regni
806 478 813 486 ·
855 460 906 497 Et

518 535 659 563 curans
678 535 838 562 omnem

517 587 749 637 languorem
769 592 807 624 et

518 661 678 689 omnem
695 647 838 686 infirmi

517 718 638 751 tatem
651 730 659 738 ·
700 710 885 749 ³⁶Uidens

518 782 646 814 autem
666 774 797 812 turbas

516 838 694 876 misertus
713 843 771 874 est
793 834 858 874 illo

514 913 602 939 rum
621 899 728 950 quod
747 903 891 937 essent·

514 963 663 1003 uexati·
691 969 729 1000 et
747 962 858 1000 iacen

516 1034 575 1066 tes
599 1027 695 1065 sicut
714 1037 810 1064 oues

514 1102 596 1129 non
614 1089 802 1127 habentes

516 1158 713 1202 pastorem
730 1172 738 1181 ·
755 1172 762 1180 -

514 1214 543 1235 ³⁷
551 1214 667 1253 Tunc
684 1213 775 1252 dicit
794 1211 891 1252 disci

511 1276 612 1327 pulis
632 1276 710 1314 suis
757 1287 842 1314 mes

516 1339 568 1377 sis
587 1338 746 1390 quidem
763 1337 845 1375 mul

510 1408 551 1440 ta
600 1400 764 1451 operarii
782 1412 833 1438 au

511 1471 591 1503 tem
609 1464 746 1515 pauci·
790 1463 923 1514 ³⁸roga

511 1533 550 1567 te
573 1527 669 1566 dnm
687 1527 804 1567 mesis

510 1684 554 1717 ut
572 1678 697 1718 mittat
715 1690 835 1728 opera

509 1742 589 1781 rios
607 1742 648 1780 in
666 1753 835 1780 messem
854 1743 950 1784 sua*-

509 1803 655 1844 lo.¹Et
661 1804 887 1843 conuocatis
899 1802 979 1842 duo

510 1868 640 1906 decim
660 1867 856 1917 discipulis

510 1931 589 1969 suis
603 1948 611 1957 ·
655 1930 760 1968 dedit
779 1929 850 1967 illis

507 1998 740 2044 potestatem
761 1992 819 2042 spi

509 2056 653 2094 rituum
673 2055 809 2094 inmun

507 2118 650 2157 dorum
672 2124 714 2156 ut
733 2117 815 2156 eice

505 2187 592 2220 rent
611 2192 678 2220 eos
692 2200 700 2209 ·
743 2186 781 2218 et
801 2191 850 2218 cu

505 2251 635 2283 rarent
653 2254 813 2282 omnem

504 2307 729 2357 languorem
747 2311 786 2344 et
804 2317 870 2344 om

507 2382 601 2409 nem
620 2369 870 2409 infirmitate*
884 2385 892 2394 ·
905 2385 913 2393 ·
929 2385 938 2395 ·

506 2431 748 2473 ²Du0decim
767 2437 899 2471 autem

507 2496 773 2546 apostolorum
793 2507 845 2534 no

507 2558 615 2596 mina
634 2564 723 2596 sunt
743 2558 839 2596 haee
857 2579 865 2588 ·
881 2578 890 2588 ·

506 2619 656 2659 Primus
675 2621 802 2659 simon
822 2620 889 2670 qui

507 2682 645 2720 dicitur
663 2690 793 2732 petrus
806 2700 814 2708 ·

507 2743 559 2781 Et
578 2744 740 2783 andreas
756 2745 871 2784 frater

509 2806 610 2843 eius·
651 2805 838 2845 3Iacobus
857 2819 901 2845 ze

507 2867 618 2906 bedei
636 2875 673 2906 et
691 2868 879 2908 iohannes

1419 220 1580 262 SECD
1595 242 1605 253 ·

1022 332 1135 372 frater
1153 332 1234 372 eius
1251 350 1259 359 ·
1301 333 1380 386 filip

1021 408 1095 448 pus
1117 403 1155 435 et
1174 396 1353 437 bartholo

1021 471 1152 497 meus·
1194 465 1233 498 et
1252 460 1399 500 matthe

1021 534 1067 560 us
1085 522 1315 573 puplicanus
1331 544 1340 554 ·

1020 585 1182 624 iacobus
1202 584 1287 624 alfei
1302 603 1311 612 ·
1356 592 1394 626 et

1020 647 1132 687 iudas
1149 648 1291 688 zelotes
1310 655 1348 688 et

1020 710 1198 750 thomas·
1228 711 1288 750 ⁴et
1307 712 1435 751 simon

1021 785 1240 814 cananeus·
1271 781 1310 814 et
1327 775 1367 815 iu

1022 837 1092 875 das
1113 837 1277 877 scariota
1296 839 1361 888 qui

1019 900 1173 939 tradidit
1191 913 1281 939 eum
1298 924 1306 934 ·

1020 962 1131 1002 “Hos
1150 963 1356 1003 duodecim
1375 963 1429 1002 mi

1019 1026 1066 1064 sit
1084 1026 1165 1063 ihs·
1196 1027 1327 1077 praeci

1018 1089 1131 1138 piens
1151 1089 1205 1127 eis
1223 1095 1262 1128 et
1280 1089 1415 1129 dicens
1431 1107 1439 1116 ·

1018 1151 1057 1189 in
1076 1152 1181 1190 uiam
1200 1152 1373 1202 gentium

1019 1227 1068 1253 ne
1088 1215 1252 1254 abieritis
1290 1221 1328 1256 et

1017 1277 1058 1315 in
1078 1278 1231 1316 ciuitate
1252 1290 1362 1317 sama

1018 1340 1231 1379 ritanorum
1251 1353 1301 1379 ne

1014 1402 1242 1442 intraueritis
1255 1412 1264 1435 '-

1018 1466 1116 1505 ⁶Sed
1134 1466 1262 1516 potius
1281 1466 1332 1505 ite
1350 1466 1401 1504 ad
1420 1480 1445 1506 o

1014 1541 1084 1567 ues
1103 1528 1272 1580 perditas
1290 1528 1343 1568 do

1017 1690 1104 1717 mus
1122 1678 1171 1717 isi
1222 1679 1378 1719 ''euntes
1398 1691 1447 1719 au

1015 1748 1094 1780 tem
1114 1742 1310 1792 predicate
1327 1759 1335 1768 ·

1013 1804 1187 1843 dicentes
1207 1804 1297 1854 quia
1316 1804 1367 1843 ad

1012 1867 1287 1918 propinquauit

1011 1942 1175 1980 regnum
1195 1931 1377 1970 caeloru-
1390 1948 1398 1957 ·

1012 1992 1218 2032 ⁸Infirmos
1237 2000 1368 2032 curate

1012 2062 1187 2096 mortuos
1207 2058 1349 2095 suscita

1013 2125 1049 2156 te
1066 2142 1074 2150 -
1102 2118 1276 2168 leprosos
1296 2132 1391 2158 mun

1013 2180 1102 2219 date
1115 2198 1123 2206 ·
1154 2181 1338 2221 demonia

1011 2243 1120 2282 eicite
1136 2268 1143 2276 ·
1173 2245 1290 2294 gratis

1012 2307 1214 2356 accepistis
1228 2325 1236 2333 ·
1267 2307 1384 2357 gratis

1011 2369 1123 2407 date·
1166 2369 1323 2409 ⁹Nolite

1010 2432 1210 2483 possidere
1230 2440 1355 2471 auru*
1369 2451 1377 2460 ·

1011 2507 1139 2545 neque
1158 2502 1363 2545 argentum
1377 2512 1386 2521 ·

1010 2569 1139 2608 neque
1158 2560 1367 2608 pecuniam

1009 2620 1051 2658 in
1071 2621 1179 2659 zonis
1199 2622 1335 2660 uestris

1007 2682 1138 2722 1⁰N0n
1157 2696 1292 2735 peram
1311 2686 1352 2723 in
1371 2685 1456 2724 uia·

1010 2758 1136 2797 neque
1157 2747 1255 2786 duas
1274 2748 1357 2786 tuni

1009 2820 1097 2846 cas·
1128 2822 1256 2859 neque
1276 2811 1374 2849 calci

1009 2878 1162 2911 amenta
1176 2897 1184 2906 -
1214 2885 1342 2923 neque

1558 335 1711 386 uirgam
1730 334 1770 374 in
1789 336 1990 376 manibus·

1559 398 1700 449 dignus
1718 404 1778 437 est
1796 399 1902 437 enim

1559 461 1758 511 operarius
1776 473 1860 499 mer

1558 523 1655 562 cede
1675 535 1767 562 sua·
1808 523 1884 562 11in
1904 536 1983 575 qua

1558 597 1726 636 cumque
1745 585 1874 625 ciuitte

1557 655 1624 687 aut
1643 648 1800 688 castello
1818 649 1858 687 in

1555 711 1742 750 traueritis
1755 727 1763 736 ·
1793 711 1834 749 in

1556 779 1746 824 terrogate
1765 773 1851 825 quis

1556 836 1596 874 in
1614 848 1661 875 ea
1681 836 1822 887 dignus
1840 842 1919 875 est·

1556 905 1595 937 et
1613 899 1666 937 ibi
1683 905 1838 938 manete
1857 899 1908 938 do

1557 973 1630 1000 nec
1649 962 1795 1001 exeatis
1809 987 1818 996 ·
1861 961 1936 1000 ¹2in

1555 1029 1700 1063 trantes
1718 1031 1847 1064 autem

1555 1087 1596 1124 in
1615 1087 1777 1127 domurn
1818 1087 1902 1126 salu

1556 1155 1700 1190 tateam
1718 1149 1916 1189 dicentes·

1554 1224 1631 1262 pax
1652 1211 1742 1250 huic
1763 1212 1897 1252 domui
1915 1229 1924 1239 ·

1554 1273 1583 1295 ¹³
1594 1282 1632 1313 et
1652 1275 1682 1312 si
1700 1274 1811 1313 fuerit
1830 1275 1969 1315 domus

1553 1337 1616 1375 illa
1635 1337 1773 1387 digna·
1803 1339 1894 1376 ueni

1554 1407 1592 1438 et
1611 1412 1689 1450 pax
1709 1406 1838 1440 uestra
1857 1413 1903 1440 su

1554 1475 1624 1513 per
1643 1475 1731 1502 eam
1745 1480 1753 1489 ·
1784 1464 1816 1502 si
1836 1467 1923 1503 aute

1554 1538 1635 1564 non
1655 1525 1764 1564 fuerit
1784 1526 1902 1576 digna

1553 1601 1630 1639 pax
1650 1595 1779 1627 uestra
1798 1589 1847 1628 ad
1866 1601 1939 1628 uos

1552 1682 1785 1715 reuertetur.
1827 1676 1913 1717 1⁴Et

1553 1740 1788 1791 quicumque
1808 1753 1890 1779 non

1553 1802 1730 1852 reciperit
1747 1814 1821 1841 uos
1840 1815 1913 1842 nec

1553 1864 1713 1903 audierit
1732 1877 1861 1904 sermo

1552 1939 1622 1966 nes
1641 1933 1790 1966 uestros
1807 1945 1815 1953 ·
1845 1940 1894 1968 ex

1551 1997 1687 2030 euntes
1706 1990 1810 2029 foras
1830 1991 1880 2030 de

1552 2054 1672 2093 domo
1688 2074 1698 2084 ·
1736 2054 1799 2093 uel
1817 2054 1930 2094 ciuita

1550 2123 1588 2155 te
1602 2134 1610 2143 ·
1641 2116 1807 2155 excutite
1827 2117 1894 2168 pul

1549 2192 1684 2218 uerem
1707 2179 1754 2218 de
1773 2180 1937 2230 pedibus

1551 2242 1687 2281 uestris
1701 2263 1710 2272 ·
1762 2241 1928 2282 1⁵Amen

1551 2304 1638 2343 dico
1658 2305 1770 2344 uobis
1787 2325 1796 2335 ·
1826 2306 1902 2345 tole

1550 2367 1706 2406 rabilius
1726 2370 1795 2408 erit
1814 2376 1871 2408 ter

1550 2441 1615 2467 rae
1636 2429 1890 2471 sodomorum

1550 2497 1588 2529 et
1607 2504 1902 2542 gomorreorum

1550 2554 1590 2591 in
1610 2554 1670 2593 die
1690 2555 1821 2594 iudicii
1844 2569 1964 2608 quam

1551 2616 1693 2655 ciuitati
1711 2618 1786 2656 illi·
1804 2637 1858 2654 ψ,

1605 2697 1660 2714 ΝΛ
1729 2698 1784 2716 δ’*
1857 2699 1911 2718 ΝΛ

1524 2740 1689 2781 *¹⁶Ecce
1709 2755 1784 2794 ego
1802 2744 1917 2784 mitto

1523 2804 1619 2844 *uos
1638 2806 1735 2845 sicut
1753 2819 1778 2846 ο

1522 2868 1615 2906 *ues
1633 2868 1673 2906 in
1692 2869 1821 2909 medio

1520 2928 1745 2981 *luporum·
1762 2954 1769 2963 ·
1812 2932 1908 2973 Esto

2246 232 2324 274 [IX.
2343 237 2458 278 35-X.
2475 245 2532 278 ²3·
2593 255 2596 258 >

2051 344 2088 377 te
2108 351 2204 390 ergo
2223 341 2434 390 prudentes

2065 401 2163 440 sicut
2182 410 2380 454 serpentes
2394 421 2402 430 ·
2459 412 2469 415 ’“

2064 469 2102 502 et
2121 465 2314 515 simplices
2334 464 2432 506 sicut

2064 525 2269 566 columbae
2287 545 2295 553 ·
2335 527 2476 569 ¹⁷Aten

2063 588 2139 627 dite
2159 595 2288 628 autem
2307 591 2420 629 uobis

2062 652 2113 689 ab
2132 651 2351 691 hominibus
2365 669 2373 678 ·

2061 713 2238 754 Tradent
2255 715 2358 754 enim
2377 727 2449 755 uos

2060 776 2100 814 in
2120 777 2316 816 conciliis·
2347 778 2445 817 etin

2061 840 2269 889 synagogis
2288 840 2366 879 suis

2057 901 2306 951 flagellabunt
2324 915 2397 942 uos

2058 962 2144 1003 ¹⁸Et
2164 965 2269 1015 apud
2279 977 2391 1015 reges
2403 971 2441 1004 et
2456 978 2529 1017 pre

2039 1075 2044 1078 ²
2061 1027 2162 1066 sides
2177 1028 2324 1068 stabitis
2342 1037 2436 1080 prop

2061 1096 2118 1129 ter
2137 1102 2200 1129 me
2240 1091 2281 1128 in
2302 1092 2391 1130 testi

2061 1153 2238 1193 monium
2256 1153 2328 1192 illis
2366 1160 2405 1192 et

2060 1216 2264 1266 gentibus·
2283 1238 2292 1246 ·
2322 1215 2462 1255 ¹⁹Cum

2060 1284 2189 1317 autem
2208 1278 2360 1317 tradent

2058 1352 2152 1380 uos·
2183 1341 2299 1382 nolite
2318 1341 2407 1392 cogi

2059 1409 2140 1441 tare
2159 1403 2360 1454 quomodo

2061 1471 2126 1504 aut
2144 1465 2238 1516 quid
2255 1465 2296 1505 lo

2061 1528 2234 1579 quamini
2247 1546 2255 1554 ·
2286 1528 2438 1568 dabitur

2051 1591 2174 1630 -e'fflffi
2186 1591 2291 1630 enim
2318 1592 2432 1633 uobis

2060 1678 2101 1717 in
2119 1678 2183 1717 illa
2202 1678 2297 1718 hora
2315 1679 2408 1730 quid

2058 1740 2271 1791 loquamini
2287 1759 2295 1767 ·
2338 1740 2456 1783 ²⁰non

2058 1804 2162 1843 enim
2180 1816 2253 1843 uos
2271 1805 2362 1843 estis

2058 1867 2125 1917 qui
2144 1867 2345 1917 loquimini
2359 1885 2368 1894 ·

2058 1929 2128 1968 sed
2148 1933 2214 1979 sps
2232 1930 2349 1981 patris
2367 1943 2437 1970 ues

2057 1992 2104 2030 tri
2153 1993 2218 2043 qui
2237 1993 2404 2043 loquitur

2056 2055 2098 2093 in
2115 2055 2247 2094 uobis·
2288 2054 2407 2096 ²¹Tra

2057 2118 2123 2157 det
2142 2125 2271 2157 autem
2289 2118 2405 2158 frater

2057 2180 2215 2220 fratrem
2231 2181 2273 2224 in
2293 2193 2381 2221 mor

2056 2249 2135 2282 tem
2152 2260 2160 2269 ·
2189 2250 2228 2283 et
2246 2250 2354 2295 pater

2056 2305 2178 2344 filium
2195 2330 2203 2338 ·
2233 2312 2272 2345 et
2290 2307 2396 2347 insur

2056 2374 2150 2418 gent
2168 2368 2236 2407 filii
2255 2369 2296 2406 in
2315 2381 2368 2420 pa

2056 2436 2184 2470 rentes
2198 2456 2206 2464 -
2235 2437 2273 2470 et
2293 2443 2379 2471 mor

2056 2494 2084 2531 ti
2105 2505 2173 2533 eos
2192 2493 2395 2540 adficient·

2056 2554 2140 2594 ²²Et
2160 2557 2261 2595 eritis
2280 2557 2372 2597 odio
2393 2570 2461 2598 om

2055 2620 2168 2658 nibus
2187 2627 2346 2671 propter

2054 2694 2202 2721 nomen
2221 2695 2375 2723 meum-

2054 2744 2133 2792 Qui
2152 2751 2281 2785 autem
2301 2759 2416 2797 perse

2051 2810 2242 2848 uerauerit
2259 2809 2300 2847 in
2322 2810 2349 2848 fi

2053 2883 2144 2909 nem
2157 2889 2165 2897 ·
2196 2872 2259 2911 hic
2279 2872 2410 2912 saluus
2468 2881 2470 2883 ’

2052 2935 2123 2972 erit
2137 2952 2145 2960 ·

2189 2932 2218 2955 ²³
2227 2934 2328 2974 Cum
2348 2942 2477 2975 autem

2547 357 2632 390 1¹01.
2647 357 2715 391 ΒΚ
