<?xml version="1.0" encoding="UTF-8"?>
<!DOCTYPE html PUBLIC "-//W3C//DTD XHTML 1.0 Transitional//EN"
    "http://www.w3.org/TR/xhtml1/DTD/xhtml1-transitional.dtd">
<html xmlns="http://www.w3.org/1999/xhtml" xml:lang="en" lang="en">
 <head>
  <title>
</title>
<meta http-equiv="Content-Type" content="text/html;charset=utf-8" />
  <meta name='ocr-system' content='tesseract 3.04.00' />
  <meta name='ocr-capabilities' content='ocr_page ocr_carea ocr_par ocr_line ocrx_word'/>
</head>
<body>
  <div class='ocr_page' id='page_1' title='image "./fourgospelsfromm00whit_0173.png"; bbox 0 0 2872 3268; ppageno 0'>
   <div class='ocr_carea' id='block_1_1' title="bbox 0 0 41 326">
    <p class='ocr_par' dir='ltr' id='par_1_1' title="bbox 0 0 41 326">
     <span class='ocr_line' id='line_1_1' title="bbox 0 0 41 326; baseline 0 -13"><span class='ocrx_word' id='word_1_1' title='bbox 0 0 41 326; x_wconf 64' lang='grc' dir='ltr'><em>ἕ</em></span> 
     </span>
    </p>
   </div>
   <div class='ocr_carea' id='block_1_2' title="bbox 306 186 512 229">
    <p class='ocr_par' dir='ltr' id='par_1_2' title="bbox 306 186 512 229">
     <span class='ocr_line' id='line_1_2' title="bbox 306 186 512 229; baseline 0.019 -11"><span class='ocrx_word' id='word_1_2' title='bbox 306 188 368 221; x_wconf 81' lang='grc' dir='ltr'>ΙΙΙ.</span> <span class='ocrx_word' id='word_1_3' title='bbox 387 186 512 229; x_wconf 77' lang='lat'><strong>3—33.]</strong></span> 
     </span>
    </p>
   </div>
   <div class='ocr_carea' id='block_1_3' title="bbox 97 296 687 1587">
    <p class='ocr_par' dir='ltr' id='par_1_3' title="bbox 97 296 687 1085">
     <span class='ocr_line' id='line_1_3' title="bbox 97 296 650 347; baseline -0.005 -9"><span class='ocrx_word' id='word_1_4' title='bbox 97 305 179 338; x_wconf 76' lang='lat'><strong>1⁸01.</strong></span> <span class='ocrx_word' id='word_1_5' title='bbox 193 305 278 338; x_wconf 81' lang='lat'><strong>160.</strong></span> <span class='ocrx_word' id='word_1_6' title='bbox 305 307 419 347; x_wconf 88' lang='lat' dir='ltr'>surge</span> <span class='ocrx_word' id='word_1_7' title='bbox 438 296 478 335; x_wconf 89' lang='lat' dir='ltr'>in</span> <span class='ocrx_word' id='word_1_8' title='bbox 497 296 627 335; x_wconf 78' lang='lat' dir='ltr'>medifi</span> <span class='ocrx_word' id='word_1_9' title='bbox 641 317 650 326; x_wconf 90' lang='lat'><strong>·</strong></span> 
     </span>
     <span class='ocr_line' id='line_1_4' title="bbox 305 348 687 398; baseline 0.003 -1"><span class='ocrx_word' id='word_1_10' title='bbox 305 357 319 379; x_wconf 73' lang='lat'><strong>⁴</strong></span> <span class='ocrx_word' id='word_1_11' title='bbox 331 348 369 397; x_wconf 60' lang='lat' dir='ltr'>et</span> <span class='ocrx_word' id='word_1_12' title='bbox 383 359 486 398; x_wconf 43' lang='lat' dir='ltr'>‘dixit</span> <span class='ocrx_word' id='word_1_13' title='bbox 506 359 556 398; x_wconf 77' lang='lat' dir='ltr'>ad</span> <span class='ocrx_word' id='word_1_14' title='bbox 575 358 662 398; x_wconf 74' lang='lat' dir='ltr'>inos</span> <span class='ocrx_word' id='word_1_15' title='bbox 678 379 687 390; x_wconf 87' lang='lat'><strong>·</strong></span> 
     </span>
     <span class='ocr_line' id='line_1_5' title="bbox 302 421 582 460; baseline 0.004 -1"><span class='ocrx_word' id='word_1_16' title='bbox 302 421 392 460; x_wconf 90' lang='lat' dir='ltr'>licet</span> <span class='ocrx_word' id='word_1_17' title='bbox 412 422 582 460; x_wconf 86' lang='lat' dir='ltr'>sabbatis</span> 
     </span>
     <span class='ocr_line' id='line_1_6' title="bbox 301 483 610 523; baseline 0 -1"><span class='ocrx_word' id='word_1_18' title='bbox 301 483 531 523; x_wconf 87' lang='lat' dir='ltr'>benefacere</span> <span class='ocrx_word' id='word_1_19' title='bbox 544 490 610 522; x_wconf 92' lang='lat' dir='ltr'>aut</span> 
     </span>
     <span class='ocr_line' id='line_1_7' title="bbox 303 545 660 584; baseline 0 0"><span class='ocrx_word' id='word_1_20' title='bbox 303 545 407 584; x_wconf 91' lang='lat' dir='ltr'>male</span> <span class='ocrx_word' id='word_1_21' title='bbox 423 566 433 576; x_wconf 89' lang='lat'><strong>·</strong></span> <span class='ocrx_word' id='word_1_22' title='bbox 474 546 660 584; x_wconf 84' lang='lat' dir='ltr'><strong>Animam</strong></span> 
     </span>
     <span class='ocr_line' id='line_1_8' title="bbox 303 608 625 659; baseline 0 -13"><span class='ocrx_word' id='word_1_23' title='bbox 303 608 452 647; x_wconf 87' lang='lat' dir='ltr'>saluare</span> <span class='ocrx_word' id='word_1_24' title='bbox 471 615 537 647; x_wconf 89' lang='lat' dir='ltr'>aut</span> <span class='ocrx_word' id='word_1_25' title='bbox 556 621 625 659; x_wconf 88' lang='lat' dir='ltr'>per</span> 
     </span>
     <span class='ocr_line' id='line_1_9' title="bbox 304 671 686 711; baseline 0 -1"><span class='ocrx_word' id='word_1_26' title='bbox 304 671 396 710; x_wconf 90' lang='lat' dir='ltr'>dere</span> <span class='ocrx_word' id='word_1_27' title='bbox 410 692 420 701; x_wconf 93' lang='lat'><strong>·</strong></span> <span class='ocrx_word' id='word_1_28' title='bbox 461 671 514 709; x_wconf 93' lang='lat' dir='ltr'>At</span> <span class='ocrx_word' id='word_1_29' title='bbox 533 672 585 710; x_wconf 89' lang='lat' dir='ltr'>illi</span> <span class='ocrx_word' id='word_1_30' title='bbox 605 672 686 711; x_wconf 63' lang='lat' dir='ltr'>tacu</span> 
     </span>
     <span class='ocr_line' id='line_1_10' title="bbox 303 735 655 774; baseline 0.006 -2"><span class='ocrx_word' id='word_1_31' title='bbox 303 741 415 773; x_wconf 90' lang='lat' dir='ltr'>erunt</span> <span class='ocrx_word' id='word_1_32' title='bbox 431 755 440 765; x_wconf 93' lang='lat'><strong>·</strong></span> <span class='ocrx_word' id='word_1_33' title='bbox 470 735 532 773; x_wconf 88' lang='lat' dir='ltr'>5et</span> <span class='ocrx_word' id='word_1_34' title='bbox 551 735 655 774; x_wconf 61' lang='lat' dir='ltr'>circi-1</span> 
     </span>
     <span class='ocr_line' id='line_1_11' title="bbox 301 797 627 847; baseline 0.003 -12"><span class='ocrx_word' id='word_1_35' title='bbox 301 797 469 847; x_wconf 88' lang='lat' dir='ltr'>spiciens</span> <span class='ocrx_word' id='word_1_36' title='bbox 489 809 558 836; x_wconf 94' lang='lat' dir='ltr'>eos</span> <span class='ocrx_word' id='word_1_37' title='bbox 578 802 627 836; x_wconf 76' lang='grc' dir='ltr'>οῦ</span> 
     </span>
     <span class='ocr_line' id='line_1_12' title="bbox 299 859 590 910; baseline 0.003 -13"><span class='ocrx_word' id='word_1_38' title='bbox 299 859 566 910; x_wconf 84' lang='lat' dir='ltr'>indignatione</span> <span class='ocrx_word' id='word_1_39' title='bbox 581 880 590 890; x_wconf 90' lang='lat'><strong>·</strong></span> 
     </span>
     <span class='ocr_line' id='line_1_13' title="bbox 300 922 613 961; baseline 0.003 -1"><span class='ocrx_word' id='word_1_40' title='bbox 300 922 548 961; x_wconf 88' lang='lat' dir='ltr'>contristatus</span> <span class='ocrx_word' id='word_1_41' title='bbox 567 934 613 961; x_wconf 89' lang='lat' dir='ltr'>su</span> 
     </span>
     <span class='ocr_line' id='line_1_14' title="bbox 299 985 590 1035; baseline -0.003 -12"><span class='ocrx_word' id='word_1_42' title='bbox 299 996 370 1035; x_wconf 88' lang='lat' dir='ltr'>per</span> <span class='ocrx_word' id='word_1_43' title='bbox 389 985 590 1023; x_wconf 86' lang='lat' dir='ltr'>cecitatem</span> 
     </span>
     <span class='ocr_line' id='line_1_15' title="bbox 299 1046 606 1085; baseline -0.003 0"><span class='ocrx_word' id='word_1_44' title='bbox 299 1046 429 1085; x_wconf 91' lang='lat' dir='ltr'>cordis</span> <span class='ocrx_word' id='word_1_45' title='bbox 448 1058 606 1085; x_wconf 90' lang='lat' dir='ltr'>eorum·</span> 
     </span>
    </p>

    <p class='ocr_par' dir='ltr' id='par_1_4' title="bbox 238 1108 683 1587">
     <span class='ocr_line' id='line_1_16' title="bbox 238 1108 683 1148; baseline 0.002 -1"><span class='ocrx_word' id='word_1_46' title='bbox 238 1112 241 1115; x_wconf 70' lang='grc'><strong><em>’</em></strong></span> <span class='ocrx_word' id='word_1_47' title='bbox 299 1108 396 1148; x_wconf 87' lang='lat' dir='ltr'>dixit</span> <span class='ocrx_word' id='word_1_48' title='bbox 415 1108 565 1147; x_wconf 90' lang='lat' dir='ltr'>homini</span> <span class='ocrx_word' id='word_1_49' title='bbox 622 1110 683 1148; x_wconf 87' lang='lat' dir='ltr'>Ex</span> 
     </span>
     <span class='ocr_line' id='line_1_17' title="bbox 298 1171 657 1211; baseline 0.003 -1"><span class='ocrx_word' id='word_1_50' title='bbox 298 1171 416 1210; x_wconf 88' lang='lat' dir='ltr'>tende</span> <span class='ocrx_word' id='word_1_51' title='bbox 435 1183 597 1210; x_wconf 89' lang='lat' dir='ltr'>manum</span> <span class='ocrx_word' id='word_1_52' title='bbox 615 1179 657 1211; x_wconf 88' lang='lat' dir='ltr'>tu</span> 
     </span>
     <span class='ocr_line' id='line_1_18' title="bbox 298 1235 632 1273; baseline 0.003 -1"><span class='ocrx_word' id='word_1_53' title='bbox 298 1245 364 1272; x_wconf 88' lang='lat' dir='ltr'>am</span> <span class='ocrx_word' id='word_1_54' title='bbox 403 1239 441 1273; x_wconf 90' lang='lat' dir='ltr'>et</span> <span class='ocrx_word' id='word_1_55' title='bbox 459 1235 632 1273; x_wconf 89' lang='lat' dir='ltr'>extendit</span> 
     </span>
     <span class='ocr_line' id='line_1_19' title="bbox 297 1296 604 1336; baseline 0.007 -2"><span class='ocrx_word' id='word_1_56' title='bbox 297 1301 337 1335; x_wconf 87' lang='lat' dir='ltr'>et</span> <span class='ocrx_word' id='word_1_57' title='bbox 355 1296 527 1335; x_wconf 87' lang='lat' dir='ltr'>restituta</span> <span class='ocrx_word' id='word_1_58' title='bbox 545 1303 604 1336; x_wconf 91' lang='lat' dir='ltr'>est</span> 
     </span>
     <span class='ocr_line' id='line_1_20' title="bbox 297 1359 561 1398; baseline 0.008 -2"><span class='ocrx_word' id='word_1_59' title='bbox 297 1370 436 1397; x_wconf 91' lang='lat' dir='ltr'>manus</span> <span class='ocrx_word' id='word_1_60' title='bbox 456 1359 538 1398; x_wconf 90' lang='lat' dir='ltr'>eius</span> <span class='ocrx_word' id='word_1_61' title='bbox 552 1379 561 1389; x_wconf 91' lang='lat'><strong>·</strong></span> 
     </span>
     <span class='ocr_line' id='line_1_21' title="bbox 298 1420 660 1461; baseline 0.011 -4"><span class='ocrx_word' id='word_1_62' title='bbox 298 1420 313 1441; x_wconf 81' lang='lat'><strong>⁶</strong></span> <span class='ocrx_word' id='word_1_63' title='bbox 323 1420 512 1460; x_wconf 89' lang='lat' dir='ltr'>Exierunt</span> <span class='ocrx_word' id='word_1_64' title='bbox 531 1428 660 1461; x_wconf 88' lang='lat' dir='ltr'>autem</span> 
     </span>
     <span class='ocr_line' id='line_1_22' title="bbox 297 1482 624 1524; baseline 0.009 -3"><span class='ocrx_word' id='word_1_65' title='bbox 297 1482 447 1522; x_wconf 87' lang='lat' dir='ltr'>farisaei</span> <span class='ocrx_word' id='word_1_66' title='bbox 465 1496 555 1522; x_wconf 91' lang='lat' dir='ltr'>cum</span> <span class='ocrx_word' id='word_1_67' title='bbox 574 1485 624 1524; x_wconf 90' lang='lat' dir='ltr'>he</span> 
     </span>
     <span class='ocr_line' id='line_1_23' title="bbox 297 1545 669 1587; baseline 0.011 -4"><span class='ocrx_word' id='word_1_68' title='bbox 297 1545 470 1585; x_wconf 88' lang='lat' dir='ltr'>rodianis</span> <span class='ocrx_word' id='word_1_69' title='bbox 482 1567 492 1576; x_wconf 90' lang='lat'><strong>·</strong></span> <span class='ocrx_word' id='word_1_70' title='bbox 535 1553 573 1585; x_wconf 91' lang='lat' dir='ltr'>et</span> <span class='ocrx_word' id='word_1_71' title='bbox 592 1560 669 1587; x_wconf 93' lang='lat' dir='ltr'>con</span> 
     </span>
    </p>
   </div>
   <div class='ocr_carea' id='block_1_4' title="bbox 293 1633 701 2922">
    <p class='ocr_par' dir='ltr' id='par_1_5' title="bbox 298 1633 664 1735">
     <span class='ocr_line' id='line_1_24' title="bbox 298 1633 664 1690; baseline 0.008 -19"><span class='ocrx_word' id='word_1_72' title='bbox 298 1633 424 1672; x_wconf 90' lang='lat' dir='ltr'>silium</span> <span class='ocrx_word' id='word_1_73' title='bbox 444 1633 616 1673; x_wconf 89' lang='lat' dir='ltr'>iniebant</span> <span class='ocrx_word' id='word_1_74' title='bbox 659 1687 664 1690; x_wconf 74' lang='lat'><em>.</em></span> 
     </span>
     <span class='ocr_line' id='line_1_25' title="bbox 299 1695 591 1735; baseline 0.003 -1"><span class='ocrx_word' id='word_1_75' title='bbox 299 1695 485 1735; x_wconf 88' lang='lat' dir='ltr'>aduersus</span> <span class='ocrx_word' id='word_1_76' title='bbox 500 1709 591 1735; x_wconf 91' lang='lat' dir='ltr'>eum</span> 
     </span>
    </p>

    <p class='ocr_par' dir='ltr' id='par_1_6' title="bbox 294 1758 695 2246">
     <span class='ocr_line' id='line_1_26' title="bbox 296 1758 602 1809; baseline 0.007 -13"><span class='ocrx_word' id='word_1_77' title='bbox 296 1764 338 1797; x_wconf 92' lang='lat' dir='ltr'>ut</span> <span class='ocrx_word' id='word_1_78' title='bbox 357 1758 464 1796; x_wconf 92' lang='lat' dir='ltr'>illum</span> <span class='ocrx_word' id='word_1_79' title='bbox 483 1759 602 1809; x_wconf 91' lang='lat' dir='ltr'>perde</span> 
     </span>
     <span class='ocr_line' id='line_1_27' title="bbox 297 1821 637 1860; baseline 0.006 -2"><span class='ocrx_word' id='word_1_80' title='bbox 297 1826 384 1860; x_wconf 88' lang='lat' dir='ltr'>rent</span> <span class='ocrx_word' id='word_1_81' title='bbox 399 1841 408 1851; x_wconf 91' lang='lat'><strong>·</strong></span> <span class='ocrx_word' id='word_1_82' title='bbox 439 1821 524 1860; x_wconf 76' lang='lat' dir='ltr'>&#39;&#39;ihs</span> <span class='ocrx_word' id='word_1_83' title='bbox 542 1833 637 1860; x_wconf 91' lang='lat' dir='ltr'>uero</span> 
     </span>
     <span class='ocr_line' id='line_1_28' title="bbox 299 1883 640 1923; baseline 0.006 -2"><span class='ocrx_word' id='word_1_84' title='bbox 299 1883 456 1922; x_wconf 81' lang='lat' dir='ltr'>secessit</span> <span class='ocrx_word' id='word_1_85' title='bbox 471 1896 562 1922; x_wconf 90' lang='lat' dir='ltr'>cum</span> <span class='ocrx_word' id='word_1_86' title='bbox 581 1884 640 1923; x_wconf 91' lang='lat' dir='ltr'>dis</span> 
     </span>
     <span class='ocr_line' id='line_1_29' title="bbox 298 1945 603 1996; baseline 0.003 -12"><span class='ocrx_word' id='word_1_87' title='bbox 298 1945 434 1996; x_wconf 90' lang='lat' dir='ltr'>cipulis</span> <span class='ocrx_word' id='word_1_88' title='bbox 454 1947 533 1985; x_wconf 89' lang='lat' dir='ltr'>suis</span> <span class='ocrx_word' id='word_1_89' title='bbox 553 1946 603 1985; x_wconf 90' lang='lat' dir='ltr'>ad</span> 
     </span>
     <span class='ocr_line' id='line_1_30' title="bbox 297 2008 637 2047; baseline 0.003 -1"><span class='ocrx_word' id='word_1_90' title='bbox 297 2019 405 2047; x_wconf 88' lang='lat' dir='ltr'>mare</span> <span class='ocrx_word' id='word_1_91' title='bbox 420 2028 430 2039; x_wconf 91' lang='lat'><strong>·</strong></span> <span class='ocrx_word' id='word_1_92' title='bbox 484 2008 537 2047; x_wconf 91' lang='lat' dir='ltr'>Et</span> <span class='ocrx_word' id='word_1_93' title='bbox 555 2009 637 2047; x_wconf 91' lang='lat' dir='ltr'>mul</span> 
     </span>
     <span class='ocr_line' id='line_1_31' title="bbox 295 2071 642 2110; baseline 0.006 -2"><span class='ocrx_word' id='word_1_94' title='bbox 295 2075 336 2109; x_wconf 89' lang='lat' dir='ltr'>ta</span> <span class='ocrx_word' id='word_1_95' title='bbox 354 2071 466 2109; x_wconf 89' lang='lat' dir='ltr'>turba</span> <span class='ocrx_word' id='word_1_96' title='bbox 485 2083 509 2110; x_wconf 90' lang='lat' dir='ltr'>a</span> <span class='ocrx_word' id='word_1_97' title='bbox 527 2071 642 2110; x_wconf 89' lang='lat' dir='ltr'>iudea</span> 
     </span>
     <span class='ocr_line' id='line_1_32' title="bbox 296 2132 695 2183; baseline 0.008 -12"><span class='ocrx_word' id='word_1_98' title='bbox 296 2138 336 2171; x_wconf 86' lang='lat' dir='ltr'>et</span> <span class='ocrx_word' id='word_1_99' title='bbox 357 2133 496 2183; x_wconf 89' lang='lat' dir='ltr'>galilea</span> <span class='ocrx_word' id='word_1_100' title='bbox 549 2132 626 2173; x_wconf 83' lang='lat' dir='ltr'>⁸Et</span> <span class='ocrx_word' id='word_1_101' title='bbox 645 2136 695 2174; x_wconf 92' lang='lat' dir='ltr'>ab</span> 
     </span>
     <span class='ocr_line' id='line_1_33' title="bbox 294 2194 586 2246; baseline 0.007 -13"><span class='ocrx_word' id='word_1_102' title='bbox 294 2194 564 2246; x_wconf 88' lang='lat' dir='ltr'>hierosolymis</span> <span class='ocrx_word' id='word_1_103' title='bbox 577 2217 586 2227; x_wconf 93' lang='lat'><strong>·</strong></span> 
     </span>
    </p>

    <p class='ocr_par' dir='ltr' id='par_1_7' title="bbox 293 2259 597 2298">
     <span class='ocr_line' id='line_1_34' title="bbox 293 2259 597 2298; baseline 0.003 -2"><span class='ocrx_word' id='word_1_104' title='bbox 293 2264 333 2296; x_wconf 92' lang='lat' dir='ltr'>et</span> <span class='ocrx_word' id='word_1_105' title='bbox 352 2259 402 2296; x_wconf 88' lang='lat' dir='ltr'>ab</span> <span class='ocrx_word' id='word_1_106' title='bbox 415 2259 572 2298; x_wconf 89' lang='lat' dir='ltr'>idumea</span> <span class='ocrx_word' id='word_1_107' title='bbox 587 2280 597 2289; x_wconf 87' lang='lat'><strong>·</strong></span> 
     </span>
    </p>

    <p class='ocr_par' dir='ltr' id='par_1_8' title="bbox 293 2321 701 2922">
     <span class='ocr_line' id='line_1_35' title="bbox 295 2321 588 2359; baseline 0.003 -1"><span class='ocrx_word' id='word_1_108' title='bbox 295 2326 334 2358; x_wconf 89' lang='lat' dir='ltr'>et</span> <span class='ocrx_word' id='word_1_109' title='bbox 351 2326 458 2359; x_wconf 89' lang='lat' dir='ltr'>trans</span> <span class='ocrx_word' id='word_1_110' title='bbox 477 2321 588 2359; x_wconf 90' lang='lat' dir='ltr'>iorda</span> 
     </span>
     <span class='ocr_line' id='line_1_36' title="bbox 295 2383 661 2434; baseline 0.008 -14"><span class='ocrx_word' id='word_1_111' title='bbox 295 2395 374 2421; x_wconf 92' lang='lat' dir='ltr'>nen</span> <span class='ocrx_word' id='word_1_112' title='bbox 427 2383 479 2422; x_wconf 90' lang='lat' dir='ltr'>Et</span> <span class='ocrx_word' id='word_1_113' title='bbox 499 2384 601 2422; x_wconf 91' lang='lat' dir='ltr'>circa</span> <span class='ocrx_word' id='word_1_114' title='bbox 620 2390 661 2434; x_wconf 91' lang='lat' dir='ltr'>ty</span> 
     </span>
     <span class='ocr_line' id='line_1_37' title="bbox 295 2446 605 2485; baseline 0.006 -2"><span class='ocrx_word' id='word_1_115' title='bbox 295 2456 381 2483; x_wconf 90' lang='lat' dir='ltr'>rum</span> <span class='ocrx_word' id='word_1_116' title='bbox 395 2466 403 2475; x_wconf 90' lang='lat'><strong>·</strong></span> <span class='ocrx_word' id='word_1_117' title='bbox 424 2452 462 2484; x_wconf 92' lang='lat' dir='ltr'>et</span> <span class='ocrx_word' id='word_1_118' title='bbox 481 2446 605 2485; x_wconf 90' lang='lat' dir='ltr'>sidem</span> 
     </span>
     <span class='ocr_line' id='line_1_38' title="bbox 294 2507 612 2559; baseline 0.006 -15"><span class='ocrx_word' id='word_1_119' title='bbox 294 2507 500 2546; x_wconf 89' lang='lat' dir='ltr'>multitudo</span> <span class='ocrx_word' id='word_1_120' title='bbox 519 2520 612 2559; x_wconf 88' lang='lat' dir='ltr'>mag</span> 
     </span>
     <span class='ocr_line' id='line_1_39' title="bbox 296 2569 618 2610; baseline 0.006 -3"><span class='ocrx_word' id='word_1_121' title='bbox 296 2581 349 2607; x_wconf 92' lang='lat' dir='ltr'>na</span> <span class='ocrx_word' id='word_1_122' title='bbox 367 2589 376 2599; x_wconf 93' lang='lat'><strong>·</strong></span> <span class='ocrx_word' id='word_1_123' title='bbox 404 2569 618 2610; x_wconf 87' lang='lat' dir='ltr'>Audientes</span> 
     </span>
     <span class='ocr_line' id='line_1_40' title="bbox 295 2632 623 2682; baseline 0.003 -12"><span class='ocrx_word' id='word_1_124' title='bbox 295 2638 439 2682; x_wconf 90' lang='lat' dir='ltr'>quanta</span> <span class='ocrx_word' id='word_1_125' title='bbox 458 2632 623 2671; x_wconf 88' lang='lat' dir='ltr'>faciebat</span> 
     </span>
     <span class='ocr_line' id='line_1_41' title="bbox 295 2695 656 2733; baseline 0.003 -1"><span class='ocrx_word' id='word_1_126' title='bbox 295 2701 487 2733; x_wconf 91' lang='lat' dir='ltr'>uenerunt</span> <span class='ocrx_word' id='word_1_127' title='bbox 506 2695 556 2733; x_wconf 88' lang='lat' dir='ltr'>ad</span> <span class='ocrx_word' id='word_1_128' title='bbox 575 2702 656 2733; x_wconf 60' lang='lat' dir='ltr'>eu*</span> 
     </span>
     <span class='ocr_line' id='line_1_42' title="bbox 293 2757 651 2808; baseline 0.003 -13"><span class='ocrx_word' id='word_1_129' title='bbox 293 2758 307 2778; x_wconf 80' lang='lat'>⁹</span> <span class='ocrx_word' id='word_1_130' title='bbox 319 2757 371 2795; x_wconf 92' lang='lat' dir='ltr'>Et</span> <span class='ocrx_word' id='word_1_131' title='bbox 389 2757 483 2796; x_wconf 85' lang='lat' dir='ltr'>dixit</span> <span class='ocrx_word' id='word_1_132' title='bbox 501 2757 651 2808; x_wconf 91' lang='lat' dir='ltr'>discipu</span> 
     </span>
     <span class='ocr_line' id='line_1_43' title="bbox 293 2820 590 2858; baseline 0 0"><span class='ocrx_word' id='word_1_133' title='bbox 293 2820 401 2858; x_wconf 89' lang='lat' dir='ltr'>lisuis</span> <span class='ocrx_word' id='word_1_134' title='bbox 438 2826 481 2858; x_wconf 93' lang='lat' dir='ltr'>ut</span> <span class='ocrx_word' id='word_1_135' title='bbox 500 2820 590 2858; x_wconf 91' lang='lat' dir='ltr'>naui</span> 
     </span>
     <span class='ocr_line' id='line_1_44' title="bbox 296 2881 701 2922; baseline 0.002 -1"><span class='ocrx_word' id='word_1_136' title='bbox 296 2882 382 2921; x_wconf 90' lang='lat' dir='ltr'>cula</span> <span class='ocrx_word' id='word_1_137' title='bbox 401 2881 608 2922; x_wconf 90' lang='lat' dir='ltr'>deseruiret</span> <span class='ocrx_word' id='word_1_138' title='bbox 627 2883 701 2922; x_wconf 87' lang='lat' dir='ltr'>sibi</span> 
     </span>
    </p>
   </div>
   <div class='ocr_carea' id='block_1_5' title="bbox 1228 179 1434 220">
    <p class='ocr_par' dir='ltr' id='par_1_9' title="bbox 1228 179 1434 220">
     <span class='ocr_line' id='line_1_45' title="bbox 1228 179 1434 220; baseline 0 0"><span class='ocrx_word' id='word_1_139' title='bbox 1228 179 1434 220; x_wconf 84' lang='lat' dir='ltr'><em>MARC-</em></span> 
     </span>
    </p>
   </div>
   <div class='ocr_carea' id='block_1_6' title="bbox 797 297 1241 1586">
    <p class='ocr_par' dir='ltr' id='par_1_10' title="bbox 808 297 1099 347">
     <span class='ocr_line' id='line_1_46' title="bbox 808 297 1099 347; baseline 0 -13"><span class='ocrx_word' id='word_1_140' title='bbox 808 301 967 347; x_wconf 88' lang='lat' dir='ltr'>propter</span> <span class='ocrx_word' id='word_1_141' title='bbox 987 297 1099 335; x_wconf 68' lang='lat' dir='ltr'>turba</span> 
     </span>
    </p>

    <p class='ocr_par' dir='ltr' id='par_1_11' title="bbox 807 358 1132 460">
     <span class='ocr_line' id='line_1_47' title="bbox 807 358 1124 409; baseline 0.006 -14"><span class='ocrx_word' id='word_1_142' title='bbox 807 370 856 396; x_wconf 92' lang='lat' dir='ltr'>ne</span> <span class='ocrx_word' id='word_1_143' title='bbox 877 370 967 397; x_wconf 92' lang='lat' dir='ltr'>cum</span> <span class='ocrx_word' id='word_1_144' title='bbox 987 358 1124 409; x_wconf 88' lang='lat' dir='ltr'>conpri</span> 
     </span>
     <span class='ocr_line' id='line_1_48' title="bbox 807 420 1132 460; baseline 0 -1"><span class='ocrx_word' id='word_1_145' title='bbox 807 427 958 460; x_wconf 89' lang='lat' dir='ltr'>merent</span> <span class='ocrx_word' id='word_1_146' title='bbox 971 442 980 452; x_wconf 93' lang='lat'><strong>·</strong></span> <span class='ocrx_word' id='word_1_147' title='bbox 1010 420 1040 442; x_wconf 88' lang='lat'>¹⁰</span> <span class='ocrx_word' id='word_1_148' title='bbox 1052 421 1132 460; x_wconf 91' lang='lat' dir='ltr'>mul</span> 
     </span>
    </p>

    <p class='ocr_par' dir='ltr' id='par_1_12' title="bbox 806 484 1169 585">
     <span class='ocr_line' id='line_1_49' title="bbox 806 484 1169 522; baseline 0 0"><span class='ocrx_word' id='word_1_149' title='bbox 806 488 867 522; x_wconf 88' lang='lat' dir='ltr'>tos</span> <span class='ocrx_word' id='word_1_150' title='bbox 887 484 991 522; x_wconf 91' lang='lat' dir='ltr'>enim</span> <span class='ocrx_word' id='word_1_151' title='bbox 1012 484 1169 522; x_wconf 87' lang='lat' dir='ltr'>curabat</span> 
     </span>
     <span class='ocr_line' id='line_1_50' title="bbox 807 544 1144 585; baseline 0.006 -2"><span class='ocrx_word' id='word_1_152' title='bbox 807 544 867 583; x_wconf 90' lang='lat' dir='ltr'>Ita</span> <span class='ocrx_word' id='word_1_153' title='bbox 887 552 929 584; x_wconf 90' lang='lat' dir='ltr'>ut</span> <span class='ocrx_word' id='word_1_154' title='bbox 947 546 1144 585; x_wconf 87' lang='lat' dir='ltr'>inruerent</span> 
     </span>
    </p>

    <p class='ocr_par' dir='ltr' id='par_1_13' title="bbox 804 608 1160 783">
     <span class='ocr_line' id='line_1_51' title="bbox 804 608 1160 647; baseline 0.006 -2"><span class='ocrx_word' id='word_1_155' title='bbox 804 608 844 645; x_wconf 92' lang='lat' dir='ltr'>in</span> <span class='ocrx_word' id='word_1_156' title='bbox 863 620 954 646; x_wconf 88' lang='lat' dir='ltr'>eum</span> <span class='ocrx_word' id='word_1_157' title='bbox 991 615 1034 647; x_wconf 94' lang='lat' dir='ltr'>ut</span> <span class='ocrx_word' id='word_1_158' title='bbox 1053 609 1160 647; x_wconf 89' lang='lat' dir='ltr'>illum</span> 
     </span>
     <span class='ocr_line' id='line_1_52' title="bbox 805 671 1117 721; baseline 0.003 -13"><span class='ocrx_word' id='word_1_159' title='bbox 805 676 1008 720; x_wconf 84' lang='lat' dir='ltr'>tangerent</span> <span class='ocrx_word' id='word_1_160' title='bbox 1050 671 1117 721; x_wconf 91' lang='lat' dir='ltr'>qui</span> 
     </span>
     <span class='ocr_line' id='line_1_53' title="bbox 806 733 1093 783; baseline 0.007 -13"><span class='ocrx_word' id='word_1_161' title='bbox 806 744 973 783; x_wconf 91' lang='lat' dir='ltr'>cumque</span> <span class='ocrx_word' id='word_1_162' title='bbox 992 733 1093 772; x_wconf 88' lang='lat' dir='ltr'>habe</span> 
     </span>
    </p>

    <p class='ocr_par' dir='ltr' id='par_1_14' title="bbox 802 795 1241 1033">
     <span class='ocr_line' id='line_1_54' title="bbox 804 795 1241 846; baseline 0.007 -14"><span class='ocrx_word' id='word_1_163' title='bbox 804 795 899 832; x_wconf 92' lang='lat' dir='ltr'>bant</span> <span class='ocrx_word' id='word_1_164' title='bbox 918 795 1052 846; x_wconf 90' lang='lat' dir='ltr'>plagas</span> <span class='ocrx_word' id='word_1_165' title='bbox 1069 817 1078 826; x_wconf 91' lang='lat'><strong>·</strong></span> <span class='ocrx_word' id='word_1_166' title='bbox 1123 795 1150 816; x_wconf 90' lang='lat'>¹¹</span> <span class='ocrx_word' id='word_1_167' title='bbox 1165 795 1241 835; x_wconf 92' lang='lat' dir='ltr'>Sed</span> 
     </span>
     <span class='ocr_line' id='line_1_55' title="bbox 803 858 1123 907; baseline 0.006 -12"><span class='ocrx_word' id='word_1_168' title='bbox 803 864 841 895; x_wconf 90' lang='lat' dir='ltr'>et</span> <span class='ocrx_word' id='word_1_169' title='bbox 861 861 927 907; x_wconf 71' lang='lat' dir='ltr'>sps</span> <span class='ocrx_word' id='word_1_170' title='bbox 947 858 1123 897; x_wconf 90' lang='lat' dir='ltr'>inmundi</span> 
     </span>
     <span class='ocr_line' id='line_1_56' title="bbox 802 920 1123 960; baseline 0.009 -3"><span class='ocrx_word' id='word_1_171' title='bbox 802 932 892 958; x_wconf 91' lang='lat' dir='ltr'>cum</span> <span class='ocrx_word' id='word_1_172' title='bbox 911 920 1016 958; x_wconf 88' lang='lat' dir='ltr'>illum</span> <span class='ocrx_word' id='word_1_173' title='bbox 1034 922 1123 960; x_wconf 92' lang='lat' dir='ltr'>uide</span> 
     </span>
     <span class='ocr_line' id='line_1_57' title="bbox 802 983 1077 1033; baseline 0.011 -14"><span class='ocrx_word' id='word_1_174' title='bbox 802 989 889 1021; x_wconf 90' lang='lat' dir='ltr'>rent</span> <span class='ocrx_word' id='word_1_175' title='bbox 907 983 1077 1033; x_wconf 90' lang='lat' dir='ltr'>procede</span> 
     </span>
    </p>

    <p class='ocr_par' dir='ltr' id='par_1_15' title="bbox 799 1046 1213 1147">
     <span class='ocr_line' id='line_1_58' title="bbox 801 1046 1213 1086; baseline 0.007 -3"><span class='ocrx_word' id='word_1_176' title='bbox 801 1046 896 1083; x_wconf 91' lang='lat' dir='ltr'>bant</span> <span class='ocrx_word' id='word_1_177' title='bbox 916 1046 975 1083; x_wconf 90' lang='lat' dir='ltr'>ei·</span> <span class='ocrx_word' id='word_1_178' title='bbox 1018 1046 1069 1084; x_wconf 91' lang='lat' dir='ltr'>Et</span> <span class='ocrx_word' id='word_1_179' title='bbox 1088 1046 1213 1086; x_wconf 90' lang='lat' dir='ltr'>clama</span> 
     </span>
     <span class='ocr_line' id='line_1_59' title="bbox 799 1107 1085 1147; baseline 0.007 -2"><span class='ocrx_word' id='word_1_180' title='bbox 799 1107 896 1146; x_wconf 88' lang='lat' dir='ltr'>bant</span> <span class='ocrx_word' id='word_1_181' title='bbox 915 1107 1085 1147; x_wconf 86' lang='lat' dir='ltr'>dicentes</span> 
     </span>
    </p>

    <p class='ocr_par' dir='ltr' id='par_1_16' title="bbox 803 1171 1139 1220">
     <span class='ocr_line' id='line_1_60' title="bbox 803 1171 1139 1220; baseline 0.009 -13"><span class='ocrx_word' id='word_1_182' title='bbox 803 1171 894 1220; x_wconf 92' lang='lat' dir='ltr'>quia</span> <span class='ocrx_word' id='word_1_183' title='bbox 914 1176 955 1208; x_wconf 95' lang='lat' dir='ltr'>tu</span> <span class='ocrx_word' id='word_1_184' title='bbox 975 1183 1016 1208; x_wconf 92' lang='lat' dir='ltr'>es</span> <span class='ocrx_word' id='word_1_185' title='bbox 1040 1171 1139 1210; x_wconf 88' lang='lat' dir='ltr'>filius</span> 
     </span>
    </p>

    <p class='ocr_par' dir='ltr' id='par_1_17' title="bbox 797 1231 1223 1586">
     <span class='ocr_line' id='line_1_61' title="bbox 802 1231 1175 1284; baseline 0.005 -13"><span class='ocrx_word' id='word_1_186' title='bbox 802 1233 841 1271; x_wconf 87' lang='lat' dir='ltr'>di</span> <span class='ocrx_word' id='word_1_187' title='bbox 857 1253 866 1263; x_wconf 89' lang='lat'><strong>·</strong></span> <span class='ocrx_word' id='word_1_188' title='bbox 906 1231 936 1253; x_wconf 81' lang='lat'>¹²</span> <span class='ocrx_word' id='word_1_189' title='bbox 946 1233 998 1271; x_wconf 92' lang='lat' dir='ltr'>Et</span> <span class='ocrx_word' id='word_1_190' title='bbox 1016 1234 1175 1284; x_wconf 91' lang='lat' dir='ltr'>increpa</span> 
     </span>
     <span class='ocr_line' id='line_1_62' title="bbox 799 1295 1168 1335; baseline 0.008 -3"><span class='ocrx_word' id='word_1_191' title='bbox 799 1295 865 1333; x_wconf 93' lang='lat' dir='ltr'>bat</span> <span class='ocrx_word' id='word_1_192' title='bbox 883 1295 966 1335; x_wconf 93' lang='lat' dir='ltr'>illos</span> <span class='ocrx_word' id='word_1_193' title='bbox 1008 1308 1058 1334; x_wconf 90' lang='lat' dir='ltr'>ne</span> <span class='ocrx_word' id='word_1_194' title='bbox 1078 1308 1168 1335; x_wconf 90' lang='lat' dir='ltr'>eum</span> 
     </span>
     <span class='ocr_line' id='line_1_63' title="bbox 798 1358 1087 1397; baseline 0.007 -2"><span class='ocrx_word' id='word_1_195' title='bbox 798 1358 1087 1397; x_wconf 86' lang='lat' dir='ltr'>manifestarent</span> 
     </span>
     <span class='ocr_line' id='line_1_64' title="bbox 798 1421 1172 1471; baseline 0.005 -13"><span class='ocrx_word' id='word_1_196' title='bbox 798 1421 983 1471; x_wconf 91' lang='lat' dir='ltr'>quoniam</span> <span class='ocrx_word' id='word_1_197' title='bbox 1002 1421 1172 1460; x_wconf 68' lang='lat' dir='ltr'>sciebant</span> 
     </span>
     <span class='ocr_line' id='line_1_65' title="bbox 798 1482 1223 1523; baseline 0.005 -2"><span class='ocrx_word' id='word_1_198' title='bbox 798 1494 935 1521; x_wconf 89' lang='lat' dir='ltr'>eum··</span> <span class='ocrx_word' id='word_1_199' title='bbox 964 1482 1223 1523; x_wconf 73' lang='lat' dir='ltr'>1⁸Ascendens</span> 
     </span>
     <span class='ocr_line' id='line_1_66' title="bbox 797 1546 1144 1586; baseline 0.006 -2"><span class='ocrx_word' id='word_1_200' title='bbox 797 1552 927 1584; x_wconf 86' lang='lat' dir='ltr'>autem</span> <span class='ocrx_word' id='word_1_201' title='bbox 950 1546 990 1584; x_wconf 93' lang='lat' dir='ltr'>in</span> <span class='ocrx_word' id='word_1_202' title='bbox 1010 1551 1144 1586; x_wconf 71' lang='lat' dir='ltr'>monte</span> 
     </span>
    </p>
   </div>
   <div class='ocr_carea' id='block_1_7' title="bbox 792 1633 1198 2498">
    <p class='ocr_par' dir='ltr' id='par_1_18' title="bbox 794 1633 1198 2360">
     <span class='ocr_line' id='line_1_67' title="bbox 797 1633 1082 1673; baseline 0.004 -2"><span class='ocrx_word' id='word_1_203' title='bbox 797 1634 952 1672; x_wconf 88' lang='lat' dir='ltr'>uocauit</span> <span class='ocrx_word' id='word_1_204' title='bbox 971 1633 1021 1672; x_wconf 93' lang='lat' dir='ltr'>ad</span> <span class='ocrx_word' id='word_1_205' title='bbox 1040 1646 1082 1673; x_wconf 91' lang='lat' dir='ltr'>se</span> 
     </span>
     <span class='ocr_line' id='line_1_68' title="bbox 799 1696 1166 1746; baseline 0.005 -13"><span class='ocrx_word' id='word_1_206' title='bbox 799 1707 899 1746; x_wconf 90' lang='lat' dir='ltr'>quos</span> <span class='ocrx_word' id='word_1_207' title='bbox 918 1696 1038 1734; x_wconf 91' lang='lat' dir='ltr'>uoluit</span> <span class='ocrx_word' id='word_1_208' title='bbox 1057 1696 1139 1746; x_wconf 87' lang='lat' dir='ltr'>ipse</span> <span class='ocrx_word' id='word_1_209' title='bbox 1157 1717 1166 1727; x_wconf 91' lang='lat'><strong>·</strong></span> 
     </span>
     <span class='ocr_line' id='line_1_69' title="bbox 798 1759 1198 1798; baseline 0.008 -3"><span class='ocrx_word' id='word_1_210' title='bbox 798 1764 836 1795; x_wconf 90' lang='lat' dir='ltr'>et</span> <span class='ocrx_word' id='word_1_211' title='bbox 853 1765 1034 1797; x_wconf 76' lang='lat' dir='ltr'>uenerunt</span> <span class='ocrx_word' id='word_1_212' title='bbox 1054 1759 1104 1798; x_wconf 93' lang='lat' dir='ltr'>ad</span> <span class='ocrx_word' id='word_1_213' title='bbox 1123 1763 1172 1797; x_wconf 68' lang='lat' dir='ltr'>esi</span> <span class='ocrx_word' id='word_1_214' title='bbox 1189 1780 1198 1790; x_wconf 91' lang='lat'><strong>·</strong></span> 
     </span>
     <span class='ocr_line' id='line_1_70' title="bbox 798 1819 1186 1860; baseline 0.005 -2"><span class='ocrx_word' id='word_1_215' title='bbox 798 1819 827 1841; x_wconf 84' lang='lat'>¹⁴</span> <span class='ocrx_word' id='word_1_216' title='bbox 837 1820 890 1858; x_wconf 90' lang='lat' dir='ltr'>Et</span> <span class='ocrx_word' id='word_1_217' title='bbox 909 1820 999 1859; x_wconf 89' lang='lat' dir='ltr'>fecit</span> <span class='ocrx_word' id='word_1_218' title='bbox 1016 1821 1186 1860; x_wconf 85' lang='lat' dir='ltr'>duodeci</span> 
     </span>
     <span class='ocr_line' id='line_1_71' title="bbox 796 1888 1165 1922; baseline 0.008 -3"><span class='ocrx_word' id='word_1_219' title='bbox 796 1888 839 1919; x_wconf 92' lang='lat' dir='ltr'>ut</span> <span class='ocrx_word' id='word_1_220' title='bbox 857 1894 990 1921; x_wconf 90' lang='lat' dir='ltr'>secum</span> <span class='ocrx_word' id='word_1_221' title='bbox 1010 1890 1140 1922; x_wconf 89' lang='lat' dir='ltr'>essent</span> <span class='ocrx_word' id='word_1_222' title='bbox 1156 1904 1165 1914; x_wconf 94' lang='lat'><em>·</em></span> 
     </span>
     <span class='ocr_line' id='line_1_72' title="bbox 797 1946 1167 1986; baseline 0.008 -3"><span class='ocrx_word' id='word_1_223' title='bbox 797 1951 835 1983; x_wconf 90' lang='lat' dir='ltr'>et</span> <span class='ocrx_word' id='word_1_224' title='bbox 853 1951 895 1983; x_wconf 89' lang='lat' dir='ltr'>ut</span> <span class='ocrx_word' id='word_1_225' title='bbox 913 1946 1081 1985; x_wconf 89' lang='lat' dir='ltr'>mitteret</span> <span class='ocrx_word' id='word_1_226' title='bbox 1099 1958 1167 1986; x_wconf 91' lang='lat' dir='ltr'>eos</span> 
     </span>
     <span class='ocr_line' id='line_1_73' title="bbox 796 2007 1115 2057; baseline 0.006 -12"><span class='ocrx_word' id='word_1_227' title='bbox 796 2007 995 2057; x_wconf 91' lang='lat' dir='ltr'>predicare</span> <span class='ocrx_word' id='word_1_228' title='bbox 1013 2020 1115 2047; x_wconf 85' lang='lat' dir='ltr'>euan</span> 
     </span>
     <span class='ocr_line' id='line_1_74' title="bbox 796 2069 1193 2120; baseline 0.005 -11"><span class='ocrx_word' id='word_1_229' title='bbox 796 2070 940 2120; x_wconf 90' lang='lat' dir='ltr'>gelium</span> <span class='ocrx_word' id='word_1_230' title='bbox 956 2091 966 2101; x_wconf 86' lang='lat'><strong>·</strong></span> <span class='ocrx_word' id='word_1_231' title='bbox 995 2069 1025 2092; x_wconf 84' lang='lat'>¹⁵</span> <span class='ocrx_word' id='word_1_232' title='bbox 1037 2077 1075 2110; x_wconf 90' lang='lat' dir='ltr'>et</span> <span class='ocrx_word' id='word_1_233' title='bbox 1093 2071 1193 2111; x_wconf 91' lang='lat' dir='ltr'>habe</span> 
     </span>
     <span class='ocr_line' id='line_1_75' title="bbox 794 2139 1087 2183; baseline 0 -12"><span class='ocrx_word' id='word_1_234' title='bbox 794 2145 835 2171; x_wconf 90' lang='lat' dir='ltr'>re</span> <span class='ocrx_word' id='word_1_235' title='bbox 855 2139 1087 2183; x_wconf 88' lang='lat' dir='ltr'>potestatem</span> 
     </span>
     <span class='ocr_line' id='line_1_76' title="bbox 794 2195 1130 2235; baseline 0.003 -2"><span class='ocrx_word' id='word_1_236' title='bbox 794 2195 955 2234; x_wconf 88' lang='lat' dir='ltr'>curandi</span> <span class='ocrx_word' id='word_1_237' title='bbox 973 2196 1130 2235; x_wconf 92' lang='lat' dir='ltr'>ualitudi</span> 
     </span>
     <span class='ocr_line' id='line_1_77' title="bbox 794 2259 1147 2298; baseline 0.006 -2"><span class='ocrx_word' id='word_1_238' title='bbox 794 2270 864 2297; x_wconf 90' lang='lat' dir='ltr'>nes</span> <span class='ocrx_word' id='word_1_239' title='bbox 881 2279 890 2289; x_wconf 88' lang='lat'><strong>·</strong></span> <span class='ocrx_word' id='word_1_240' title='bbox 931 2265 969 2298; x_wconf 88' lang='lat' dir='ltr'>et</span> <span class='ocrx_word' id='word_1_241' title='bbox 987 2259 1147 2298; x_wconf 89' lang='lat' dir='ltr'>eiciendi</span> 
     </span>
     <span class='ocr_line' id='line_1_78' title="bbox 795 2322 1123 2360; baseline -0.003 0"><span class='ocrx_word' id='word_1_242' title='bbox 795 2322 977 2360; x_wconf 90' lang='lat' dir='ltr'>demonia</span> <span class='ocrx_word' id='word_1_243' title='bbox 994 2343 1001 2352; x_wconf 92' lang='lat'><strong>·</strong></span> <span class='ocrx_word' id='word_1_244' title='bbox 1019 2343 1026 2352; x_wconf 93' lang='lat'><em>-</em></span> <span class='ocrx_word' id='word_1_245' title='bbox 1042 2344 1050 2352; x_wconf 93' lang='lat'>-</span> <span class='ocrx_word' id='word_1_246' title='bbox 1067 2345 1123 2350; x_wconf 96' lang='lat'><strong>—</strong></span> 
     </span>
    </p>

    <p class='ocr_par' dir='ltr' id='par_1_19' title="bbox 792 2383 1192 2498">
     <span class='ocr_line' id='line_1_79' title="bbox 792 2383 1192 2435; baseline 0.005 -13"><span class='ocrx_word' id='word_1_247' title='bbox 792 2383 822 2405; x_wconf 80' lang='lat'>¹⁶</span> <span class='ocrx_word' id='word_1_248' title='bbox 833 2384 884 2423; x_wconf 90' lang='lat' dir='ltr'>Et</span> <span class='ocrx_word' id='word_1_249' title='bbox 903 2385 1073 2435; x_wconf 90' lang='lat' dir='ltr'>inposuit</span> <span class='ocrx_word' id='word_1_250' title='bbox 1092 2387 1192 2425; x_wconf 90' lang='lat' dir='ltr'>simo</span> 
     </span>
     <span class='ocr_line' id='line_1_80' title="bbox 792 2447 1134 2498; baseline 0.006 -14"><span class='ocrx_word' id='word_1_251' title='bbox 792 2447 831 2485; x_wconf 92' lang='lat' dir='ltr'>ni</span> <span class='ocrx_word' id='word_1_252' title='bbox 851 2459 998 2485; x_wconf 89' lang='lat' dir='ltr'>nornen</span> <span class='ocrx_word' id='word_1_253' title='bbox 1021 2452 1134 2498; x_wconf 65' lang='lat' dir='ltr'>petri-1</span> 
     </span>
    </p>
   </div>
   <div class='ocr_carea' id='block_1_8' title="bbox 791 2507 1255 2549">
    <p class='ocr_par' dir='ltr' id='par_1_20' title="bbox 791 2507 1255 2549">
     <span class='ocr_line' id='line_1_81' title="bbox 791 2507 1255 2549; baseline 0.004 -2"><span class='ocrx_word' id='word_1_254' title='bbox 791 2507 872 2548; x_wconf 67' lang='lat' dir='ltr'>”Et</span> <span class='ocrx_word' id='word_1_255' title='bbox 883 2510 1064 2549; x_wconf 88' lang='lat' dir='ltr'>iacobum</span> <span class='ocrx_word' id='word_1_256' title='bbox 1077 2510 1232 2549; x_wconf 90' lang='lat' dir='ltr'>zebedei</span> <span class='ocrx_word' id='word_1_257' title='bbox 1247 2532 1255 2541; x_wconf 95' lang='lat'><strong>·</strong></span> 
     </span>
    </p>
   </div>
   <div class='ocr_carea' id='block_1_9' title="bbox 788 2572 1161 2924">
    <p class='ocr_par' dir='ltr' id='par_1_21' title="bbox 788 2572 1161 2924">
     <span class='ocr_line' id='line_1_82' title="bbox 790 2572 1135 2612; baseline 0.003 -2"><span class='ocrx_word' id='word_1_258' title='bbox 790 2578 828 2611; x_wconf 91' lang='lat' dir='ltr'>et</span> <span class='ocrx_word' id='word_1_259' title='bbox 848 2572 1058 2611; x_wconf 90' lang='lat' dir='ltr'>iohannem</span> <span class='ocrx_word' id='word_1_260' title='bbox 1077 2573 1135 2612; x_wconf 87' lang='lat' dir='ltr'>fra</span> 
     </span>
     <span class='ocr_line' id='line_1_83' title="bbox 790 2634 1103 2673; baseline -0.003 0"><span class='ocrx_word' id='word_1_261' title='bbox 790 2640 889 2673; x_wconf 89' lang='lat' dir='ltr'>trem</span> <span class='ocrx_word' id='word_1_262' title='bbox 907 2634 1035 2673; x_wconf 89' lang='lat' dir='ltr'>iacobi</span> <span class='ocrx_word' id='word_1_263' title='bbox 1047 2657 1103 2662; x_wconf 94' lang='lat'>——</span> 
     </span>
     <span class='ocr_line' id='line_1_84' title="bbox 792 2696 1129 2736; baseline 0.003 -1"><span class='ocrx_word' id='word_1_264' title='bbox 792 2696 1060 2735; x_wconf 91' lang='lat' dir='ltr'>Communiter</span> <span class='ocrx_word' id='word_1_265' title='bbox 1078 2710 1129 2736; x_wconf 92' lang='lat' dir='ltr'>au</span> 
     </span>
     <span class='ocr_line' id='line_1_85' title="bbox 788 2759 1128 2798; baseline 0.006 -2"><span class='ocrx_word' id='word_1_266' title='bbox 788 2765 869 2797; x_wconf 91' lang='lat' dir='ltr'>tem</span> <span class='ocrx_word' id='word_1_267' title='bbox 888 2759 1042 2797; x_wconf 91' lang='lat' dir='ltr'>uocauit</span> <span class='ocrx_word' id='word_1_268' title='bbox 1059 2772 1128 2798; x_wconf 92' lang='lat' dir='ltr'>eos</span> 
     </span>
     <span class='ocr_line' id='line_1_86' title="bbox 794 2822 1161 2872; baseline 0.003 -12"><span class='ocrx_word' id='word_1_269' title='bbox 794 2822 1011 2872; x_wconf 86' lang='lat' dir='ltr'>boanerges</span> <span class='ocrx_word' id='word_1_270' title='bbox 1053 2822 1161 2872; x_wconf 92' lang='lat' dir='ltr'>quod</span> 
     </span>
     <span class='ocr_line' id='line_1_87' title="bbox 791 2884 1091 2924; baseline 0.003 -1"><span class='ocrx_word' id='word_1_271' title='bbox 791 2890 849 2923; x_wconf 91' lang='lat' dir='ltr'>est</span> <span class='ocrx_word' id='word_1_272' title='bbox 867 2884 919 2922; x_wconf 89' lang='lat' dir='ltr'>fili</span> <span class='ocrx_word' id='word_1_273' title='bbox 937 2885 1091 2924; x_wconf 87' lang='lat' dir='ltr'>tonitrui</span> 
     </span>
    </p>
   </div>
   <div class='ocr_carea' id='block_1_10' title="bbox 1342 294 1747 459">
    <p class='ocr_par' dir='ltr' id='par_1_22' title="bbox 1342 294 1747 459">
     <span class='ocr_line' id='line_1_88' title="bbox 1346 294 1747 334; baseline -0.007 1"><span class='ocrx_word' id='word_1_274' title='bbox 1346 295 1373 318; x_wconf 80' lang='lat'>¹⁸</span> <span class='ocrx_word' id='word_1_275' title='bbox 1385 295 1435 334; x_wconf 89' lang='lat' dir='ltr'>Et</span> <span class='ocrx_word' id='word_1_276' title='bbox 1454 294 1666 334; x_wconf 89' lang='lat' dir='ltr'>andream·</span> <span class='ocrx_word' id='word_1_277' title='bbox 1708 299 1747 332; x_wconf 90' lang='lat' dir='ltr'>et</span> 
     </span>
     <span class='ocr_line' id='line_1_89' title="bbox 1343 357 1696 409; baseline -0.003 -13"><span class='ocrx_word' id='word_1_278' title='bbox 1343 357 1505 409; x_wconf 89' lang='lat' dir='ltr'>fillipum</span> <span class='ocrx_word' id='word_1_279' title='bbox 1522 377 1531 387; x_wconf 90' lang='lat'><strong>·</strong></span> <span class='ocrx_word' id='word_1_280' title='bbox 1573 363 1611 395; x_wconf 93' lang='lat' dir='ltr'>et</span> <span class='ocrx_word' id='word_1_281' title='bbox 1630 357 1696 395; x_wconf 71' lang='lat' dir='ltr'>bar</span> 
     </span>
     <span class='ocr_line' id='line_1_90' title="bbox 1342 419 1585 459; baseline -0.004 -1"><span class='ocrx_word' id='word_1_282' title='bbox 1342 419 1585 459; x_wconf 90' lang='lat' dir='ltr'>tholomeum</span> 
     </span>
    </p>
   </div>
   <div class='ocr_carea' id='block_1_11' title="bbox 1315 481 1633 520">
    <p class='ocr_par' dir='ltr' id='par_1_23' title="bbox 1315 481 1633 520">
     <span class='ocr_line' id='line_1_91' title="bbox 1315 481 1633 520; baseline 0 -1"><span class='ocrx_word' id='word_1_283' title='bbox 1315 495 1317 498; x_wconf 94' lang='lat'>·</span> <span class='ocrx_word' id='word_1_284' title='bbox 1341 487 1380 519; x_wconf 91' lang='lat' dir='ltr'>et</span> <span class='ocrx_word' id='word_1_285' title='bbox 1400 481 1575 520; x_wconf 90' lang='lat' dir='ltr'>thomam</span> <span class='ocrx_word' id='word_1_286' title='bbox 1595 487 1633 519; x_wconf 92' lang='lat' dir='ltr'>et</span> 
     </span>
    </p>
   </div>
   <div class='ocr_carea' id='block_1_12' title="bbox 1332 542 1766 1594">
    <p class='ocr_par' dir='ltr' id='par_1_24' title="bbox 1340 542 1629 596">
     <span class='ocr_line' id='line_1_92' title="bbox 1340 542 1629 596; baseline -0.007 -14"><span class='ocrx_word' id='word_1_287' title='bbox 1340 543 1522 596; x_wconf 85' lang='lat' dir='ltr'>iacobum</span> <span class='ocrx_word' id='word_1_288' title='bbox 1542 542 1629 582; x_wconf 90' lang='lat' dir='ltr'>alfei</span> 
     </span>
    </p>

    <p class='ocr_par' dir='ltr' id='par_1_25' title="bbox 1338 606 1576 645">
     <span class='ocr_line' id='line_1_93' title="bbox 1338 606 1576 645; baseline 0.004 -1"><span class='ocrx_word' id='word_1_289' title='bbox 1338 611 1376 644; x_wconf 93' lang='lat' dir='ltr'>et</span> <span class='ocrx_word' id='word_1_290' title='bbox 1394 606 1576 645; x_wconf 89' lang='lat' dir='ltr'>lebbeum</span> 
     </span>
    </p>

    <p class='ocr_par' dir='ltr' id='par_1_26' title="bbox 1336 669 1766 958">
     <span class='ocr_line' id='line_1_94' title="bbox 1339 669 1696 708; baseline 0.003 -2"><span class='ocrx_word' id='word_1_291' title='bbox 1339 680 1361 706; x_wconf 90' lang='lat' dir='ltr'>e</span> <span class='ocrx_word' id='word_1_292' title='bbox 1382 669 1577 708; x_wconf 88' lang='lat' dir='ltr'>simonem</span> <span class='ocrx_word' id='word_1_293' title='bbox 1596 680 1696 707; x_wconf 89' lang='lat' dir='ltr'>cana</span> 
     </span>
     <span class='ocr_line' id='line_1_95' title="bbox 1338 731 1696 770; baseline 0.006 -2"><span class='ocrx_word' id='word_1_294' title='bbox 1338 743 1457 769; x_wconf 89' lang='lat' dir='ltr'>neum</span> <span class='ocrx_word' id='word_1_295' title='bbox 1470 752 1479 761; x_wconf 93' lang='lat'><strong>·</strong></span> <span class='ocrx_word' id='word_1_296' title='bbox 1510 731 1538 752; x_wconf 80' lang='lat'>1⁹</span> <span class='ocrx_word' id='word_1_297' title='bbox 1550 737 1587 770; x_wconf 92' lang='lat' dir='ltr'>et</span> <span class='ocrx_word' id='word_1_298' title='bbox 1605 731 1696 770; x_wconf 88' lang='lat' dir='ltr'>iuda</span> 
     </span>
     <span class='ocr_line' id='line_1_96' title="bbox 1338 794 1693 844; baseline 0.003 -13"><span class='ocrx_word' id='word_1_299' title='bbox 1338 794 1507 832; x_wconf 90' lang='lat' dir='ltr'>scarioth</span> <span class='ocrx_word' id='word_1_300' title='bbox 1550 795 1614 844; x_wconf 91' lang='lat' dir='ltr'>qui</span> <span class='ocrx_word' id='word_1_301' title='bbox 1634 801 1693 832; x_wconf 89' lang='lat' dir='ltr'>tra</span> 
     </span>
     <span class='ocr_line' id='line_1_97' title="bbox 1339 855 1766 896; baseline 0.007 -3"><span class='ocrx_word' id='word_1_302' title='bbox 1339 855 1433 895; x_wconf 86' lang='lat' dir='ltr'>didit</span> <span class='ocrx_word' id='word_1_303' title='bbox 1451 856 1557 895; x_wconf 90' lang='lat' dir='ltr'>illum</span> <span class='ocrx_word' id='word_1_304' title='bbox 1573 878 1581 886; x_wconf 94' lang='lat'><strong>·</strong></span> <span class='ocrx_word' id='word_1_305' title='bbox 1598 878 1605 886; x_wconf 92' lang='lat'>·</span> <span class='ocrx_word' id='word_1_306' title='bbox 1622 878 1630 886; x_wconf 93' lang='lat'><strong>·</strong></span> <span class='ocrx_word' id='word_1_307' title='bbox 1674 855 1704 877; x_wconf 81' lang='lat'>²⁰</span> <span class='ocrx_word' id='word_1_308' title='bbox 1714 856 1766 896; x_wconf 89' lang='lat' dir='ltr'>Et</span> 
     </span>
     <span class='ocr_line' id='line_1_98' title="bbox 1336 918 1692 958; baseline 0.006 -2"><span class='ocrx_word' id='word_1_309' title='bbox 1336 918 1496 957; x_wconf 87' lang='lat' dir='ltr'>ueniunt</span> <span class='ocrx_word' id='word_1_310' title='bbox 1511 919 1562 957; x_wconf 90' lang='lat' dir='ltr'>ad</span> <span class='ocrx_word' id='word_1_311' title='bbox 1579 919 1669 958; x_wconf 72' lang='lat' dir='ltr'>uilla</span> <span class='ocrx_word' id='word_1_312' title='bbox 1683 940 1692 950; x_wconf 90' lang='lat'><strong>·</strong></span> 
     </span>
    </p>

    <p class='ocr_par' dir='ltr' id='par_1_27' title="bbox 1335 982 1693 1208">
     <span class='ocr_line' id='line_1_99' title="bbox 1337 982 1693 1021; baseline 0.006 -2"><span class='ocrx_word' id='word_1_313' title='bbox 1337 987 1375 1019; x_wconf 92' lang='lat' dir='ltr'>et</span> <span class='ocrx_word' id='word_1_314' title='bbox 1394 982 1578 1020; x_wconf 92' lang='lat' dir='ltr'>conuenit</span> <span class='ocrx_word' id='word_1_315' title='bbox 1596 982 1693 1021; x_wconf 63' lang='lat' dir='ltr'>iteri-1</span> 
     </span>
     <span class='ocr_line' id='line_1_100' title="bbox 1337 1044 1662 1083; baseline 0.003 -1"><span class='ocrx_word' id='word_1_316' title='bbox 1337 1044 1447 1082; x_wconf 90' lang='lat' dir='ltr'>turba</span> <span class='ocrx_word' id='word_1_317' title='bbox 1464 1064 1472 1074; x_wconf 92' lang='lat'><strong>·</strong></span> <span class='ocrx_word' id='word_1_318' title='bbox 1516 1045 1571 1083; x_wconf 90' lang='lat' dir='ltr'>uti</span> <span class='ocrx_word' id='word_1_319' title='bbox 1589 1057 1662 1083; x_wconf 88' lang='lat' dir='ltr'>nec</span> 
     </span>
     <span class='ocr_line' id='line_1_101' title="bbox 1336 1113 1659 1157; baseline 0.009 -13"><span class='ocrx_word' id='word_1_320' title='bbox 1336 1113 1496 1156; x_wconf 87' lang='lat' dir='ltr'>possent</span> <span class='ocrx_word' id='word_1_321' title='bbox 1516 1119 1659 1157; x_wconf 88' lang='lat' dir='ltr'>panem</span> 
     </span>
     <span class='ocr_line' id='line_1_102' title="bbox 1335 1169 1594 1208; baseline 0.012 -2"><span class='ocrx_word' id='word_1_322' title='bbox 1335 1169 1569 1208; x_wconf 89' lang='lat' dir='ltr'>manducare</span> <span class='ocrx_word' id='word_1_323' title='bbox 1586 1190 1594 1199; x_wconf 93' lang='lat'><em>·</em></span> 
     </span>
    </p>

    <p class='ocr_par' dir='ltr' id='par_1_28' title="bbox 1333 1229 1745 1397">
     <span class='ocr_line' id='line_1_103' title="bbox 1335 1229 1745 1272; baseline 0.01 -4"><span class='ocrx_word' id='word_1_324' title='bbox 1335 1229 1362 1251; x_wconf 79' lang='lat'>²¹</span> <span class='ocrx_word' id='word_1_325' title='bbox 1375 1231 1527 1270; x_wconf 91' lang='lat' dir='ltr'>Etcum</span> <span class='ocrx_word' id='word_1_326' title='bbox 1548 1232 1745 1272; x_wconf 89' lang='lat' dir='ltr'>audissent</span> 
     </span>
     <span class='ocr_line' id='line_1_104' title="bbox 1334 1292 1676 1334; baseline 0.009 -3"><span class='ocrx_word' id='word_1_327' title='bbox 1334 1292 1382 1332; x_wconf 93' lang='lat' dir='ltr'>de</span> <span class='ocrx_word' id='word_1_328' title='bbox 1402 1305 1451 1332; x_wconf 91' lang='lat' dir='ltr'>eo</span> <span class='ocrx_word' id='word_1_329' title='bbox 1471 1295 1618 1334; x_wconf 89' lang='lat' dir='ltr'>scribae</span> <span class='ocrx_word' id='word_1_330' title='bbox 1638 1302 1676 1334; x_wconf 92' lang='lat' dir='ltr'>et</span> 
     </span>
     <span class='ocr_line' id='line_1_105' title="bbox 1333 1356 1657 1397; baseline 0.009 -4"><span class='ocrx_word' id='word_1_331' title='bbox 1333 1356 1447 1394; x_wconf 91' lang='lat' dir='ltr'>ceteri</span> <span class='ocrx_word' id='word_1_332' title='bbox 1485 1357 1657 1397; x_wconf 86' lang='lat' dir='ltr'>exierunt</span> 
     </span>
    </p>

    <p class='ocr_par' dir='ltr' id='par_1_29' title="bbox 1332 1425 1705 1594">
     <span class='ocr_line' id='line_1_106' title="bbox 1332 1425 1673 1459; baseline 0.009 -3"><span class='ocrx_word' id='word_1_333' title='bbox 1332 1425 1373 1457; x_wconf 93' lang='lat' dir='ltr'>ut</span> <span class='ocrx_word' id='word_1_334' title='bbox 1392 1425 1567 1458; x_wconf 90' lang='lat' dir='ltr'>tenerent</span> <span class='ocrx_word' id='word_1_335' title='bbox 1585 1433 1673 1459; x_wconf 89' lang='lat' dir='ltr'>eum</span> 
     </span>
     <span class='ocr_line' id='line_1_107' title="bbox 1332 1480 1648 1521; baseline 0.006 -3"><span class='ocrx_word' id='word_1_336' title='bbox 1332 1480 1524 1520; x_wconf 89' lang='lat' dir='ltr'>Dicebant</span> <span class='ocrx_word' id='word_1_337' title='bbox 1543 1482 1648 1521; x_wconf 90' lang='lat' dir='ltr'>enim</span> 
     </span>
     <span class='ocr_line' id='line_1_108' title="bbox 1333 1544 1705 1594; baseline 0.008 -13"><span class='ocrx_word' id='word_1_338' title='bbox 1333 1544 1518 1594; x_wconf 90' lang='lat' dir='ltr'>quoniam</span> <span class='ocrx_word' id='word_1_339' title='bbox 1536 1546 1705 1584; x_wconf 84' lang='lat' dir='ltr'>exentiat</span> 
     </span>
    </p>
   </div>
   <div class='ocr_carea' id='block_1_13' title="bbox 1322 1630 1772 2935">
    <p class='ocr_par' dir='ltr' id='par_1_30' title="bbox 1327 1630 1732 2371">
     <span class='ocr_line' id='line_1_109' title="bbox 1334 1630 1727 1674; baseline 0.01 -4"><span class='ocrx_word' id='word_1_340' title='bbox 1334 1644 1426 1671; x_wconf 91' lang='lat' dir='ltr'>eos·</span> <span class='ocrx_word' id='word_1_341' title='bbox 1470 1630 1499 1652; x_wconf 78' lang='lat'>²²</span> <span class='ocrx_word' id='word_1_342' title='bbox 1509 1633 1561 1671; x_wconf 92' lang='lat' dir='ltr'>Et</span> <span class='ocrx_word' id='word_1_343' title='bbox 1580 1634 1727 1674; x_wconf 90' lang='lat' dir='ltr'>scribae</span> 
     </span>
     <span class='ocr_line' id='line_1_110' title="bbox 1334 1694 1681 1747; baseline 0.009 -15"><span class='ocrx_word' id='word_1_344' title='bbox 1334 1694 1399 1744; x_wconf 91' lang='lat' dir='ltr'>qui</span> <span class='ocrx_word' id='word_1_345' title='bbox 1419 1695 1468 1733; x_wconf 89' lang='lat' dir='ltr'>ab</span> <span class='ocrx_word' id='word_1_346' title='bbox 1487 1694 1681 1747; x_wconf 88' lang='lat' dir='ltr'>hierosoly</span> 
     </span>
     <span class='ocr_line' id='line_1_111' title="bbox 1334 1757 1713 1798; baseline 0.011 -4"><span class='ocrx_word' id='word_1_347' title='bbox 1334 1757 1409 1796; x_wconf 91' lang='lat' dir='ltr'>mis</span> <span class='ocrx_word' id='word_1_348' title='bbox 1431 1758 1713 1798; x_wconf 90' lang='lat' dir='ltr'>descenderant</span> 
     </span>
     <span class='ocr_line' id='line_1_112' title="bbox 1332 1819 1732 1871; baseline 0.005 -13"><span class='ocrx_word' id='word_1_349' title='bbox 1332 1819 1513 1859; x_wconf 91' lang='lat' dir='ltr'>dicebant</span> <span class='ocrx_word' id='word_1_350' title='bbox 1554 1822 1732 1871; x_wconf 70' lang='lat' dir='ltr'>quonia-</span> 
     </span>
     <span class='ocr_line' id='line_1_113' title="bbox 1333 1881 1668 1922; baseline 0.012 -4"><span class='ocrx_word' id='word_1_351' title='bbox 1333 1881 1532 1921; x_wconf 90' lang='lat' dir='ltr'>beelzebul</span> <span class='ocrx_word' id='word_1_352' title='bbox 1551 1883 1668 1922; x_wconf 90' lang='lat' dir='ltr'>habet</span> 
     </span>
     <span class='ocr_line' id='line_1_114' title="bbox 1330 1944 1633 1995; baseline 0.013 -15"><span class='ocrx_word' id='word_1_353' title='bbox 1330 1944 1545 1995; x_wconf 90' lang='lat' dir='ltr'>principem</span> <span class='ocrx_word' id='word_1_354' title='bbox 1561 1945 1633 1984; x_wconf 92' lang='lat' dir='ltr'>dae</span> 
     </span>
     <span class='ocr_line' id='line_1_115' title="bbox 1331 2007 1650 2047; baseline 0.013 -4"><span class='ocrx_word' id='word_1_355' title='bbox 1331 2007 1558 2046; x_wconf 89' lang='lat' dir='ltr'>moniorum</span> <span class='ocrx_word' id='word_1_356' title='bbox 1599 2009 1650 2047; x_wconf 91' lang='lat' dir='ltr'>Et</span> 
     </span>
     <span class='ocr_line' id='line_1_116' title="bbox 1330 2071 1684 2120; baseline 0.011 -13"><span class='ocrx_word' id='word_1_357' title='bbox 1330 2081 1400 2120; x_wconf 93' lang='lat' dir='ltr'>per</span> <span class='ocrx_word' id='word_1_358' title='bbox 1418 2082 1508 2108; x_wconf 92' lang='lat' dir='ltr'>eum</span> <span class='ocrx_word' id='word_1_359' title='bbox 1528 2071 1616 2110; x_wconf 91' lang='lat' dir='ltr'>eicit</span> <span class='ocrx_word' id='word_1_360' title='bbox 1635 2071 1684 2111; x_wconf 92' lang='lat' dir='ltr'>de</span> 
     </span>
     <span class='ocr_line' id='line_1_117' title="bbox 1329 2131 1675 2173; baseline 0.012 -4"><span class='ocrx_word' id='word_1_361' title='bbox 1329 2132 1463 2170; x_wconf 91' lang='lat' dir='ltr'>monia</span> <span class='ocrx_word' id='word_1_362' title='bbox 1479 2153 1488 2162; x_wconf 91' lang='lat'><strong>·</strong></span> <span class='ocrx_word' id='word_1_363' title='bbox 1526 2131 1555 2154; x_wconf 78' lang='lat'>²³</span> <span class='ocrx_word' id='word_1_364' title='bbox 1567 2139 1604 2172; x_wconf 91' lang='lat' dir='ltr'>et</span> <span class='ocrx_word' id='word_1_365' title='bbox 1623 2146 1675 2173; x_wconf 89' lang='lat' dir='ltr'>uo</span> 
     </span>
     <span class='ocr_line' id='line_1_118' title="bbox 1329 2194 1714 2235; baseline 0.01 -4"><span class='ocrx_word' id='word_1_366' title='bbox 1329 2194 1430 2232; x_wconf 91' lang='lat' dir='ltr'>cauit</span> <span class='ocrx_word' id='word_1_367' title='bbox 1449 2206 1518 2233; x_wconf 91' lang='lat' dir='ltr'>eos</span> <span class='ocrx_word' id='word_1_368' title='bbox 1560 2202 1599 2234; x_wconf 91' lang='lat' dir='ltr'>et</span> <span class='ocrx_word' id='word_1_369' title='bbox 1618 2197 1669 2235; x_wconf 94' lang='lat' dir='ltr'>ait</span> <span class='ocrx_word' id='word_1_370' title='bbox 1688 2196 1714 2235; x_wconf 93' lang='lat' dir='ltr'>il</span> 
     </span>
     <span class='ocr_line' id='line_1_119' title="bbox 1327 2255 1666 2308; baseline 0.012 -15"><span class='ocrx_word' id='word_1_371' title='bbox 1327 2255 1372 2294; x_wconf 92' lang='lat' dir='ltr'>lis</span> <span class='ocrx_word' id='word_1_372' title='bbox 1391 2257 1430 2294; x_wconf 91' lang='lat' dir='ltr'>in</span> <span class='ocrx_word' id='word_1_373' title='bbox 1449 2258 1641 2308; x_wconf 88' lang='lat' dir='ltr'>parabolis</span> <span class='ocrx_word' id='word_1_374' title='bbox 1657 2280 1666 2289; x_wconf 90' lang='lat'><strong>·</strong></span> 
     </span>
     <span class='ocr_line' id='line_1_120' title="bbox 1327 2320 1602 2371; baseline 0.011 -14"><span class='ocrx_word' id='word_1_375' title='bbox 1327 2320 1528 2368; x_wconf 92' lang='lat' dir='ltr'>quomodo</span> <span class='ocrx_word' id='word_1_376' title='bbox 1547 2333 1602 2371; x_wconf 92' lang='lat' dir='ltr'>po</span> 
     </span>
    </p>

    <p class='ocr_par' dir='ltr' id='par_1_31' title="bbox 1325 2388 1631 2486">
     <span class='ocr_line' id='line_1_121' title="bbox 1325 2388 1574 2421; baseline 0.004 -1"><span class='ocrx_word' id='word_1_377' title='bbox 1325 2388 1399 2420; x_wconf 91' lang='lat' dir='ltr'>test</span> <span class='ocrx_word' id='word_1_378' title='bbox 1419 2389 1574 2421; x_wconf 91' lang='lat' dir='ltr'>satanas</span> 
     </span>
     <span class='ocr_line' id='line_1_122' title="bbox 1327 2447 1631 2486; baseline 0.01 -3"><span class='ocrx_word' id='word_1_379' title='bbox 1327 2451 1488 2483; x_wconf 90' lang='lat' dir='ltr'>satanan</span> <span class='ocrx_word' id='word_1_380' title='bbox 1507 2447 1631 2486; x_wconf 81' lang='lat' dir='ltr'>eicere</span> 
     </span>
    </p>

    <p class='ocr_par' dir='ltr' id='par_1_32' title="bbox 1323 2505 1772 2746">
     <span class='ocr_line' id='line_1_123' title="bbox 1326 2505 1772 2560; baseline 0.007 -15"><span class='ocrx_word' id='word_1_381' title='bbox 1326 2505 1355 2528; x_wconf 77' lang='lat'>²⁴</span> <span class='ocrx_word' id='word_1_382' title='bbox 1367 2507 1417 2546; x_wconf 90' lang='lat' dir='ltr'>Et</span> <span class='ocrx_word' id='word_1_383' title='bbox 1437 2509 1468 2547; x_wconf 89' lang='lat' dir='ltr'>si</span> <span class='ocrx_word' id='word_1_384' title='bbox 1487 2521 1652 2560; x_wconf 87' lang='lat' dir='ltr'>regnum</span> <span class='ocrx_word' id='word_1_385' title='bbox 1671 2510 1711 2548; x_wconf 94' lang='lat' dir='ltr'>in</span> <span class='ocrx_word' id='word_1_386' title='bbox 1731 2523 1772 2549; x_wconf 91' lang='lat' dir='ltr'>se</span> 
     </span>
     <span class='ocr_line' id='line_1_124' title="bbox 1326 2570 1639 2611; baseline 0.01 -3"><span class='ocrx_word' id='word_1_387' title='bbox 1326 2570 1519 2610; x_wconf 90' lang='lat' dir='ltr'>diuidatur</span> <span class='ocrx_word' id='word_1_388' title='bbox 1559 2584 1639 2611; x_wconf 92' lang='lat' dir='ltr'>non</span> 
     </span>
     <span class='ocr_line' id='line_1_125' title="bbox 1323 2640 1573 2684; baseline 0 -12"><span class='ocrx_word' id='word_1_389' title='bbox 1323 2640 1451 2684; x_wconf 88' lang='lat' dir='ltr'>potest</span> <span class='ocrx_word' id='word_1_390' title='bbox 1474 2640 1573 2672; x_wconf 89' lang='lat' dir='ltr'>stare</span> 
     </span>
     <span class='ocr_line' id='line_1_126' title="bbox 1324 2697 1626 2746; baseline 0.007 -12"><span class='ocrx_word' id='word_1_391' title='bbox 1324 2708 1488 2746; x_wconf 86' lang='lat' dir='ltr'>regnum</span> <span class='ocrx_word' id='word_1_392' title='bbox 1507 2697 1600 2736; x_wconf 94' lang='lat' dir='ltr'>illud</span> <span class='ocrx_word' id='word_1_393' title='bbox 1617 2718 1626 2728; x_wconf 92' lang='lat'><em>·</em></span> 
     </span>
    </p>

    <p class='ocr_par' dir='ltr' id='par_1_33' title="bbox 1322 2756 1677 2935">
     <span class='ocr_line' id='line_1_127' title="bbox 1323 2756 1677 2799; baseline 0.008 -3"><span class='ocrx_word' id='word_1_394' title='bbox 1323 2756 1352 2779; x_wconf 79' lang='lat'>²⁵</span> <span class='ocrx_word' id='word_1_395' title='bbox 1365 2765 1403 2797; x_wconf 91' lang='lat' dir='ltr'>et</span> <span class='ocrx_word' id='word_1_396' title='bbox 1422 2760 1454 2797; x_wconf 90' lang='lat' dir='ltr'>si</span> <span class='ocrx_word' id='word_1_397' title='bbox 1473 2759 1613 2798; x_wconf 88' lang='lat' dir='ltr'>domus</span> <span class='ocrx_word' id='word_1_398' title='bbox 1633 2772 1677 2799; x_wconf 92' lang='lat' dir='ltr'>su</span> 
     </span>
     <span class='ocr_line' id='line_1_128' title="bbox 1322 2822 1636 2873; baseline 0.006 -13"><span class='ocrx_word' id='word_1_399' title='bbox 1322 2834 1391 2872; x_wconf 90' lang='lat' dir='ltr'>per</span> <span class='ocrx_word' id='word_1_400' title='bbox 1410 2828 1533 2861; x_wconf 89' lang='lat' dir='ltr'>semet</span> <span class='ocrx_word' id='word_1_401' title='bbox 1551 2822 1636 2873; x_wconf 70' lang='lat' dir='ltr'>ipsa</span> 
     </span>
     <span class='ocr_line' id='line_1_129' title="bbox 1322 2884 1565 2935; baseline 0.004 -12"><span class='ocrx_word' id='word_1_402' title='bbox 1322 2884 1565 2935; x_wconf 86' lang='lat' dir='ltr'>dispartiatur</span> 
     </span>
    </p>
   </div>
   <div class='ocr_carea' id='block_1_14' title="bbox 2237 187 2317 232">
    <p class='ocr_par' dir='ltr' id='par_1_34' title="bbox 2237 187 2317 232">
     <span class='ocr_line' id='line_1_130' title="bbox 2237 187 2317 232; baseline 0 -13"><span class='ocrx_word' id='word_1_403' title='bbox 2237 187 2317 232; x_wconf 85' lang='lat'>115</span> 
     </span>
    </p>
   </div>
   <div class='ocr_carea' id='block_1_15' title="bbox 1836 293 2303 1581">
    <p class='ocr_par' dir='ltr' id='par_1_35' title="bbox 1850 293 2169 394">
     <span class='ocr_line' id='line_1_131' title="bbox 1854 293 2153 343; baseline 0 -12"><span class='ocrx_word' id='word_1_404' title='bbox 1854 304 1935 331; x_wconf 91' lang='lat' dir='ltr'>non</span> <span class='ocrx_word' id='word_1_405' title='bbox 1955 298 2083 343; x_wconf 88' lang='lat' dir='ltr'>potest</span> <span class='ocrx_word' id='word_1_406' title='bbox 2102 293 2153 331; x_wconf 95' lang='lat' dir='ltr'>do</span> 
     </span>
     <span class='ocr_line' id='line_1_132' title="bbox 1850 355 2169 394; baseline 0.003 -1"><span class='ocrx_word' id='word_1_407' title='bbox 1850 367 2007 393; x_wconf 90' lang='lat' dir='ltr'>momus</span> <span class='ocrx_word' id='word_1_408' title='bbox 2026 355 2090 393; x_wconf 90' lang='lat' dir='ltr'>illa</span> <span class='ocrx_word' id='word_1_409' title='bbox 2109 362 2169 394; x_wconf 90' lang='lat' dir='ltr'>sta</span> 
     </span>
    </p>

    <p class='ocr_par' dir='ltr' id='par_1_36' title="bbox 1844 418 2261 718">
     <span class='ocr_line' id='line_1_133' title="bbox 1849 418 2261 458; baseline -0.002 0"><span class='ocrx_word' id='word_1_410' title='bbox 1849 429 1889 455; x_wconf 89' lang='lat' dir='ltr'>re</span> <span class='ocrx_word' id='word_1_411' title='bbox 1944 418 1973 439; x_wconf 77' lang='lat'>²⁰</span> <span class='ocrx_word' id='word_1_412' title='bbox 1984 418 2036 456; x_wconf 90' lang='lat' dir='ltr'>Et</span> <span class='ocrx_word' id='word_1_413' title='bbox 2056 418 2086 456; x_wconf 90' lang='lat' dir='ltr'>si</span> <span class='ocrx_word' id='word_1_414' title='bbox 2107 425 2261 458; x_wconf 87' lang='lat' dir='ltr'>satanas</span> 
     </span>
     <span class='ocr_line' id='line_1_134' title="bbox 1848 478 2120 519; baseline 0 -1"><span class='ocrx_word' id='word_1_415' title='bbox 1848 478 2011 518; x_wconf 84' lang='lat' dir='ltr'>satanan</span> <span class='ocrx_word' id='word_1_416' title='bbox 2032 480 2120 519; x_wconf 89' lang='lat' dir='ltr'>eicit</span> 
     </span>
     <span class='ocr_line' id='line_1_135' title="bbox 1847 541 2141 592; baseline 0.007 -13"><span class='ocrx_word' id='word_1_417' title='bbox 1847 541 2063 592; x_wconf 90' lang='lat' dir='ltr'>dispertitus</span> <span class='ocrx_word' id='word_1_418' title='bbox 2082 548 2141 581; x_wconf 88' lang='lat' dir='ltr'>est</span> 
     </span>
     <span class='ocr_line' id='line_1_136' title="bbox 1846 615 2220 655; baseline 0.003 -13"><span class='ocrx_word' id='word_1_419' title='bbox 1846 615 1961 654; x_wconf 89' lang='lat' dir='ltr'>super</span> <span class='ocrx_word' id='word_1_420' title='bbox 1984 617 2025 643; x_wconf 90' lang='lat' dir='ltr'>se</span> <span class='ocrx_word' id='word_1_421' title='bbox 2066 617 2148 643; x_wconf 92' lang='lat' dir='ltr'>non</span> <span class='ocrx_word' id='word_1_422' title='bbox 2166 617 2220 655; x_wconf 93' lang='lat' dir='ltr'>po</span> 
     </span>
     <span class='ocr_line' id='line_1_137' title="bbox 1844 672 2124 718; baseline 0.004 -14"><span class='ocrx_word' id='word_1_423' title='bbox 1844 672 1917 705; x_wconf 89' lang='lat' dir='ltr'>test</span> <span class='ocrx_word' id='word_1_424' title='bbox 1936 674 2036 706; x_wconf 90' lang='lat' dir='ltr'>stare</span> <span class='ocrx_word' id='word_1_425' title='bbox 2054 679 2124 718; x_wconf 89' lang='lat' dir='ltr'>reg</span> 
     </span>
    </p>

    <p class='ocr_par' dir='ltr' id='par_1_37' title="bbox 1844 730 2198 831">
     <span class='ocr_line' id='line_1_138' title="bbox 1844 730 2198 768; baseline 0.006 -2"><span class='ocrx_word' id='word_1_426' title='bbox 1844 741 1939 768; x_wconf 90' lang='lat' dir='ltr'>num</span> <span class='ocrx_word' id='word_1_427' title='bbox 1958 730 2039 768; x_wconf 91' lang='lat' dir='ltr'>eius</span> <span class='ocrx_word' id='word_1_428' title='bbox 2083 730 2152 768; x_wconf 93' lang='lat' dir='ltr'>sed</span> <span class='ocrx_word' id='word_1_429' title='bbox 2172 730 2198 768; x_wconf 88' lang='lat' dir='ltr'>fi</span> 
     </span>
     <span class='ocr_line' id='line_1_139' title="bbox 1844 792 2075 831; baseline 0.009 -2"><span class='ocrx_word' id='word_1_430' title='bbox 1844 803 1935 829; x_wconf 91' lang='lat' dir='ltr'>nem</span> <span class='ocrx_word' id='word_1_431' title='bbox 1958 792 2075 831; x_wconf 90' lang='lat' dir='ltr'>habet</span> 
     </span>
    </p>

    <p class='ocr_par' dir='ltr' id='par_1_38' title="bbox 1842 851 2233 967">
     <span class='ocr_line' id='line_1_140' title="bbox 1842 851 2233 904; baseline 0 -11"><span class='ocrx_word' id='word_1_432' title='bbox 1842 851 1871 874; x_wconf 77' lang='lat'>²⁷</span> <span class='ocrx_word' id='word_1_433' title='bbox 1884 853 2015 893; x_wconf 89' lang='lat' dir='ltr'>Nemo</span> <span class='ocrx_word' id='word_1_434' title='bbox 2034 860 2164 904; x_wconf 90' lang='lat' dir='ltr'>potest</span> <span class='ocrx_word' id='word_1_435' title='bbox 2182 866 2233 893; x_wconf 91' lang='lat' dir='ltr'>ua</span> 
     </span>
     <span class='ocr_line' id='line_1_141' title="bbox 1843 916 2160 967; baseline 0 -13"><span class='ocrx_word' id='word_1_436' title='bbox 1843 928 1886 954; x_wconf 92' lang='lat' dir='ltr'>sa</span> <span class='ocrx_word' id='word_1_437' title='bbox 1903 916 2010 955; x_wconf 86' lang='lat' dir='ltr'>fortis</span> <span class='ocrx_word' id='word_1_438' title='bbox 2029 918 2160 967; x_wconf 88' lang='lat' dir='ltr'>ingres</span> 
     </span>
    </p>

    <p class='ocr_par' dir='ltr' id='par_1_39' title="bbox 1841 979 2200 1092">
     <span class='ocr_line' id='line_1_142' title="bbox 1843 979 2200 1018; baseline 0.006 -2"><span class='ocrx_word' id='word_1_439' title='bbox 1843 990 1907 1017; x_wconf 92' lang='lat' dir='ltr'>sus</span> <span class='ocrx_word' id='word_1_440' title='bbox 1926 979 1966 1016; x_wconf 92' lang='lat' dir='ltr'>in</span> <span class='ocrx_word' id='word_1_441' title='bbox 1986 979 2147 1018; x_wconf 89' lang='lat' dir='ltr'>domum</span> <span class='ocrx_word' id='word_1_442' title='bbox 2163 979 2200 1018; x_wconf 93' lang='lat' dir='ltr'>di</span> 
     </span>
     <span class='ocr_line' id='line_1_143' title="bbox 1841 1041 2172 1092; baseline 0 -13"><span class='ocrx_word' id='word_1_443' title='bbox 1841 1041 1964 1091; x_wconf 91' lang='lat' dir='ltr'>ripere</span> <span class='ocrx_word' id='word_1_444' title='bbox 2020 1042 2093 1080; x_wconf 90' lang='lat' dir='ltr'>nisi</span> <span class='ocrx_word' id='word_1_445' title='bbox 2114 1042 2172 1092; x_wconf 91' lang='lat' dir='ltr'>pri</span> 
     </span>
    </p>

    <p class='ocr_par' dir='ltr' id='par_1_40' title="bbox 1839 1103 2223 1279">
     <span class='ocr_line' id='line_1_144' title="bbox 1840 1103 2223 1155; baseline 0 -13"><span class='ocrx_word' id='word_1_446' title='bbox 1840 1115 1887 1142; x_wconf 92' lang='lat' dir='ltr'>us</span> <span class='ocrx_word' id='word_1_447' title='bbox 1907 1103 2046 1142; x_wconf 89' lang='lat' dir='ltr'>fortem</span> <span class='ocrx_word' id='word_1_448' title='bbox 2065 1104 2194 1155; x_wconf 86' lang='lat' dir='ltr'>alliget</span> <span class='ocrx_word' id='word_1_449' title='bbox 2215 1126 2223 1135; x_wconf 92' lang='lat'><strong>·</strong></span> 
     </span>
     <span class='ocr_line' id='line_1_145' title="bbox 1839 1166 2184 1205; baseline 0 -1"><span class='ocrx_word' id='word_1_450' title='bbox 1839 1166 1891 1204; x_wconf 84' lang='lat' dir='ltr'>Et</span> <span class='ocrx_word' id='word_1_451' title='bbox 1909 1172 2000 1205; x_wconf 87' lang='lat' dir='ltr'>tunc</span> <span class='ocrx_word' id='word_1_452' title='bbox 2021 1166 2184 1205; x_wconf 91' lang='lat' dir='ltr'>domum</span> 
     </span>
     <span class='ocr_line' id='line_1_146' title="bbox 1839 1228 2089 1279; baseline 0.004 -13"><span class='ocrx_word' id='word_1_453' title='bbox 1839 1228 1919 1266; x_wconf 91' lang='lat' dir='ltr'>eius</span> <span class='ocrx_word' id='word_1_454' title='bbox 1939 1229 2089 1279; x_wconf 91' lang='lat' dir='ltr'>diripiet</span> 
     </span>
    </p>

    <p class='ocr_par' dir='ltr' id='par_1_41' title="bbox 1837 1290 2303 1455">
     <span class='ocr_line' id='line_1_147' title="bbox 1838 1290 2303 1332; baseline -0.006 0"><span class='ocrx_word' id='word_1_455' title='bbox 1838 1290 1893 1332; x_wconf 80' lang='lat'>†²⁸</span> <span class='ocrx_word' id='word_1_456' title='bbox 1904 1291 2035 1329; x_wconf 89' lang='lat' dir='ltr'>Amen</span> <span class='ocrx_word' id='word_1_457' title='bbox 2052 1291 2142 1331; x_wconf 64' lang='lat' dir='ltr'>&#39;dico</span> <span class='ocrx_word' id='word_1_458' title='bbox 2161 1293 2276 1330; x_wconf 85' lang='lat' dir='ltr'>uobis</span> <span class='ocrx_word' id='word_1_459' title='bbox 2294 1313 2303 1323; x_wconf 91' lang='lat'><strong>·</strong></span> 
     </span>
     <span class='ocr_line' id='line_1_148' title="bbox 1837 1354 2179 1404; baseline 0 -12"><span class='ocrx_word' id='word_1_460' title='bbox 1837 1354 2023 1404; x_wconf 89' lang='lat' dir='ltr'>quoniam</span> <span class='ocrx_word' id='word_1_461' title='bbox 2046 1354 2179 1393; x_wconf 90' lang='lat' dir='ltr'>omnia</span> 
     </span>
     <span class='ocr_line' id='line_1_149' title="bbox 1837 1416 2141 1455; baseline -0.003 0"><span class='ocrx_word' id='word_1_462' title='bbox 1837 1416 2074 1455; x_wconf 88' lang='lat' dir='ltr'>dimittentur</span> <span class='ocrx_word' id='word_1_463' title='bbox 2088 1416 2141 1454; x_wconf 92' lang='lat' dir='ltr'>fili</span> 
     </span>
    </p>

    <p class='ocr_par' dir='ltr' id='par_1_42' title="bbox 1836 1478 2301 1581">
     <span class='ocr_line' id='line_1_150' title="bbox 1836 1478 2183 1528; baseline 0 -12"><span class='ocrx_word' id='word_1_464' title='bbox 1836 1479 1868 1517; x_wconf 91' lang='lat' dir='ltr'>is</span> <span class='ocrx_word' id='word_1_465' title='bbox 1887 1478 2091 1517; x_wconf 89' lang='lat' dir='ltr'>hominum</span> <span class='ocrx_word' id='word_1_466' title='bbox 2109 1490 2183 1528; x_wconf 91' lang='lat' dir='ltr'>pec</span> 
     </span>
     <span class='ocr_line' id='line_1_151' title="bbox 1837 1541 2301 1581; baseline -0.002 -1"><span class='ocrx_word' id='word_1_467' title='bbox 1837 1547 1922 1580; x_wconf 91' lang='lat' dir='ltr'>cata</span> <span class='ocrx_word' id='word_1_468' title='bbox 1954 1547 1993 1579; x_wconf 86' lang='lat' dir='ltr'>et</span> <span class='ocrx_word' id='word_1_469' title='bbox 2007 1541 2252 1581; x_wconf 86' lang='lat' dir='ltr'>blasfemiae·</span> <span class='ocrx_word' id='word_1_470' title='bbox 2268 1562 2301 1572; x_wconf 88' lang='lat'>··</span> 
     </span>
    </p>
   </div>
   <div class='ocr_carea' id='block_1_16' title="bbox 1823 1628 2285 2928">
    <p class='ocr_par' dir='ltr' id='par_1_43' title="bbox 1834 1628 2198 1856">
     <span class='ocr_line' id='line_1_152' title="bbox 1836 1628 2198 1680; baseline 0.006 -14"><span class='ocrx_word' id='word_1_471' title='bbox 1836 1628 1866 1651; x_wconf 79' lang='lat'>²⁹</span> <span class='ocrx_word' id='word_1_472' title='bbox 1878 1629 1944 1680; x_wconf 90' lang='lat' dir='ltr'>qui</span> <span class='ocrx_word' id='word_1_473' title='bbox 1965 1636 2094 1667; x_wconf 88' lang='lat' dir='ltr'>autem</span> <span class='ocrx_word' id='word_1_474' title='bbox 2114 1629 2198 1668; x_wconf 88' lang='lat' dir='ltr'>blas</span> 
     </span>
     <span class='ocr_line' id='line_1_153' title="bbox 1835 1692 2147 1742; baseline 0 -12"><span class='ocrx_word' id='word_1_475' title='bbox 1835 1692 2036 1730; x_wconf 88' lang='lat' dir='ltr'>femauerit</span> <span class='ocrx_word' id='word_1_476' title='bbox 2060 1695 2147 1742; x_wconf 72' lang='lat' dir='ltr'>spm</span> 
     </span>
     <span class='ocr_line' id='line_1_154' title="bbox 1835 1754 2177 1793; baseline 0.003 -1"><span class='ocrx_word' id='word_1_477' title='bbox 1835 1759 1919 1792; x_wconf 72' lang='lat' dir='ltr'>scm</span> <span class='ocrx_word' id='word_1_478' title='bbox 1959 1767 2040 1793; x_wconf 92' lang='lat' dir='ltr'>non</span> <span class='ocrx_word' id='word_1_479' title='bbox 2059 1754 2177 1793; x_wconf 89' lang='lat' dir='ltr'>habet</span> 
     </span>
     <span class='ocr_line' id='line_1_155' title="bbox 1834 1817 2105 1856; baseline -0.007 0"><span class='ocrx_word' id='word_1_480' title='bbox 1834 1817 2105 1856; x_wconf 88' lang='lat' dir='ltr'>remissionem</span> 
     </span>
    </p>

    <p class='ocr_par' dir='ltr' id='par_1_44' title="bbox 1832 1878 2160 1979">
     <span class='ocr_line' id='line_1_156' title="bbox 1834 1878 2097 1917; baseline 0 0"><span class='ocrx_word' id='word_1_481' title='bbox 1834 1878 1903 1917; x_wconf 90' lang='lat' dir='ltr'>sed</span> <span class='ocrx_word' id='word_1_482' title='bbox 1921 1891 2009 1917; x_wconf 90' lang='lat' dir='ltr'>reus</span> <span class='ocrx_word' id='word_1_483' title='bbox 2029 1879 2097 1917; x_wconf 90' lang='lat' dir='ltr'>erit</span> 
     </span>
     <span class='ocr_line' id='line_1_157' title="bbox 1832 1941 2160 1979; baseline 0 0"><span class='ocrx_word' id='word_1_484' title='bbox 1832 1948 1987 1979; x_wconf 84' lang='lat' dir='ltr'>aeterne</span> <span class='ocrx_word' id='word_1_485' title='bbox 2007 1941 2134 1979; x_wconf 92' lang='lat' dir='ltr'>delicti</span> <span class='ocrx_word' id='word_1_486' title='bbox 2151 1962 2160 1971; x_wconf 91' lang='lat'><strong>·</strong></span> 
     </span>
    </p>

    <p class='ocr_par' dir='ltr' id='par_1_45' title="bbox 1830 2001 2271 2167">
     <span class='ocr_line' id='line_1_158' title="bbox 1830 2001 2271 2050; baseline 0.005 -10"><span class='ocrx_word' id='word_1_487' title='bbox 1830 2001 1860 2023; x_wconf 79' lang='lat'>³⁰</span> <span class='ocrx_word' id='word_1_488' title='bbox 1872 2002 2071 2050; x_wconf 85' lang='lat' dir='ltr'>Quoniam</span> <span class='ocrx_word' id='word_1_489' title='bbox 2092 2004 2271 2043; x_wconf 91' lang='lat' dir='ltr'>dicebant</span> 
     </span>
     <span class='ocr_line' id='line_1_159' title="bbox 1830 2067 2188 2115; baseline 0 -11"><span class='ocrx_word' id='word_1_490' title='bbox 1830 2077 1919 2104; x_wconf 90' lang='lat' dir='ltr'>eum</span> <span class='ocrx_word' id='word_1_491' title='bbox 1940 2069 2029 2115; x_wconf 71' lang='lat' dir='ltr'>spm</span> <span class='ocrx_word' id='word_1_492' title='bbox 2050 2067 2188 2104; x_wconf 89' lang='lat' dir='ltr'>inmun</span> 
     </span>
     <span class='ocr_line' id='line_1_160' title="bbox 1830 2128 2113 2167; baseline 0 -1"><span class='ocrx_word' id='word_1_493' title='bbox 1830 2128 1925 2166; x_wconf 91' lang='lat' dir='ltr'>dum</span> <span class='ocrx_word' id='word_1_494' title='bbox 1944 2128 2088 2167; x_wconf 90' lang='lat' dir='ltr'>habere</span> <span class='ocrx_word' id='word_1_495' title='bbox 2104 2149 2113 2158; x_wconf 94' lang='lat'><strong>·</strong></span> 
     </span>
    </p>

    <p class='ocr_par' dir='ltr' id='par_1_46' title="bbox 1829 2190 2285 2292">
     <span class='ocr_line' id='line_1_161' title="bbox 1829 2190 2285 2231; baseline 0.004 -3"><span class='ocrx_word' id='word_1_496' title='bbox 1829 2190 1856 2211; x_wconf 79' lang='lat'>³¹</span> <span class='ocrx_word' id='word_1_497' title='bbox 1870 2190 1922 2229; x_wconf 91' lang='lat' dir='ltr'>Et</span> <span class='ocrx_word' id='word_1_498' title='bbox 1940 2191 2046 2229; x_wconf 89' lang='lat' dir='ltr'>uenit</span> <span class='ocrx_word' id='word_1_499' title='bbox 2060 2197 2184 2230; x_wconf 89' lang='lat' dir='ltr'>mater</span> <span class='ocrx_word' id='word_1_500' title='bbox 2203 2191 2285 2231; x_wconf 85' lang='lat' dir='ltr'>eius</span> 
     </span>
     <span class='ocr_line' id='line_1_162' title="bbox 1830 2253 2120 2292; baseline -0.003 0"><span class='ocrx_word' id='word_1_501' title='bbox 1830 2260 1868 2292; x_wconf 93' lang='lat' dir='ltr'>et</span> <span class='ocrx_word' id='word_1_502' title='bbox 1882 2253 2017 2292; x_wconf 87' lang='lat' dir='ltr'>fratres</span> <span class='ocrx_word' id='word_1_503' title='bbox 2037 2253 2120 2291; x_wconf 91' lang='lat' dir='ltr'>eius</span> 
     </span>
    </p>

    <p class='ocr_par' dir='ltr' id='par_1_47' title="bbox 1827 2315 2194 2478">
     <span class='ocr_line' id='line_1_163' title="bbox 1830 2315 2140 2354; baseline -0.003 0"><span class='ocrx_word' id='word_1_504' title='bbox 1830 2322 1868 2354; x_wconf 93' lang='lat' dir='ltr'>et</span> <span class='ocrx_word' id='word_1_505' title='bbox 1882 2315 1975 2354; x_wconf 90' lang='lat' dir='ltr'>foris</span> <span class='ocrx_word' id='word_1_506' title='bbox 1995 2321 2140 2354; x_wconf 90' lang='lat' dir='ltr'>stantes</span> 
     </span>
     <span class='ocr_line' id='line_1_164' title="bbox 1829 2378 2194 2416; baseline 0.003 -1"><span class='ocrx_word' id='word_1_507' title='bbox 1829 2379 2015 2416; x_wconf 88' lang='lat' dir='ltr'>miserunt</span> <span class='ocrx_word' id='word_1_508' title='bbox 2034 2378 2084 2416; x_wconf 91' lang='lat' dir='ltr'>ad</span> <span class='ocrx_word' id='word_1_509' title='bbox 2104 2389 2194 2416; x_wconf 91' lang='lat' dir='ltr'>eum</span> 
     </span>
     <span class='ocr_line' id='line_1_165' title="bbox 1827 2446 2136 2478; baseline -0.003 0"><span class='ocrx_word' id='word_1_510' title='bbox 1827 2446 1869 2478; x_wconf 95' lang='lat' dir='ltr'>ut</span> <span class='ocrx_word' id='word_1_511' title='bbox 1888 2447 2112 2478; x_wconf 90' lang='lat' dir='ltr'>euocaretur</span> <span class='ocrx_word' id='word_1_512' title='bbox 2127 2460 2136 2470; x_wconf 85' lang='lat'>·</span> 
     </span>
    </p>

    <p class='ocr_par' dir='ltr' id='par_1_48' title="bbox 1825 2501 2245 2791">
     <span class='ocr_line' id='line_1_166' title="bbox 1827 2501 2245 2541; baseline 0 -1"><span class='ocrx_word' id='word_1_513' title='bbox 1827 2501 1855 2524; x_wconf 79' lang='lat'>³²</span> <span class='ocrx_word' id='word_1_514' title='bbox 1865 2502 1916 2540; x_wconf 92' lang='lat' dir='ltr'>Et</span> <span class='ocrx_word' id='word_1_515' title='bbox 1936 2502 2124 2541; x_wconf 88' lang='lat' dir='ltr'>sedebant</span> <span class='ocrx_word' id='word_1_516' title='bbox 2144 2502 2245 2541; x_wconf 89' lang='lat' dir='ltr'>circa</span> 
     </span>
     <span class='ocr_line' id='line_1_167' title="bbox 1826 2565 2213 2604; baseline 0 0"><span class='ocrx_word' id='word_1_517' title='bbox 1826 2577 1916 2604; x_wconf 91' lang='lat' dir='ltr'>eum</span> <span class='ocrx_word' id='word_1_518' title='bbox 1937 2565 2071 2603; x_wconf 86' lang='lat' dir='ltr'>turbae</span> <span class='ocrx_word' id='word_1_519' title='bbox 2113 2571 2151 2604; x_wconf 93' lang='lat' dir='ltr'>et</span> <span class='ocrx_word' id='word_1_520' title='bbox 2174 2566 2213 2604; x_wconf 94' lang='lat' dir='ltr'>di</span> 
     </span>
     <span class='ocr_line' id='line_1_168' title="bbox 1826 2627 2191 2667; baseline 0 -1"><span class='ocrx_word' id='word_1_521' title='bbox 1826 2634 1919 2666; x_wconf 91' lang='lat' dir='ltr'>cunt</span> <span class='ocrx_word' id='word_1_522' title='bbox 1934 2627 1968 2666; x_wconf 88' lang='lat' dir='ltr'>ei</span> <span class='ocrx_word' id='word_1_523' title='bbox 2011 2639 2104 2666; x_wconf 91' lang='lat' dir='ltr'>ecce</span> <span class='ocrx_word' id='word_1_524' title='bbox 2123 2639 2191 2667; x_wconf 90' lang='lat' dir='ltr'>ma</span> 
     </span>
     <span class='ocr_line' id='line_1_169' title="bbox 1826 2689 2175 2729; baseline 0.003 -1"><span class='ocrx_word' id='word_1_525' title='bbox 1826 2695 1883 2728; x_wconf 91' lang='lat' dir='ltr'>ter</span> <span class='ocrx_word' id='word_1_526' title='bbox 1901 2695 1967 2728; x_wconf 91' lang='lat' dir='ltr'>tua</span> <span class='ocrx_word' id='word_1_527' title='bbox 1985 2695 2023 2728; x_wconf 91' lang='lat' dir='ltr'>et</span> <span class='ocrx_word' id='word_1_528' title='bbox 2043 2689 2175 2729; x_wconf 86' lang='lat' dir='ltr'>fratres</span> 
     </span>
     <span class='ocr_line' id='line_1_170' title="bbox 1825 2752 2126 2791; baseline 0 0"><span class='ocrx_word' id='word_1_529' title='bbox 1825 2752 1879 2791; x_wconf 90' lang='lat' dir='ltr'>tui</span> <span class='ocrx_word' id='word_1_530' title='bbox 1921 2759 1958 2791; x_wconf 92' lang='lat' dir='ltr'>et</span> <span class='ocrx_word' id='word_1_531' title='bbox 1973 2763 2126 2791; x_wconf 90' lang='lat' dir='ltr'>sorores</span> 
     </span>
    </p>

    <p class='ocr_par' dir='ltr' id='par_1_49' title="bbox 1823 2813 2206 2928">
     <span class='ocr_line' id='line_1_171' title="bbox 1823 2813 2194 2865; baseline 0.003 -12"><span class='ocrx_word' id='word_1_532' title='bbox 1823 2814 1879 2853; x_wconf 82' lang='lat' dir='ltr'>tui</span> <span class='ocrx_word' id='word_1_533' title='bbox 1917 2813 2008 2852; x_wconf 88' lang='lat' dir='ltr'>foris</span> <span class='ocrx_word' id='word_1_534' title='bbox 2028 2821 2194 2865; x_wconf 91' lang='lat' dir='ltr'>querunt</span> 
     </span>
     <span class='ocr_line' id='line_1_172' title="bbox 1825 2874 2206 2928; baseline 0 -13"><span class='ocrx_word' id='word_1_535' title='bbox 1825 2883 1860 2915; x_wconf 85' lang='lat' dir='ltr'>te</span> <span class='ocrx_word' id='word_1_536' title='bbox 1874 2897 1883 2907; x_wconf 92' lang='lat'><strong>·</strong></span> <span class='ocrx_word' id='word_1_537' title='bbox 1901 2897 1910 2907; x_wconf 92' lang='lat'><em>·</em></span> <span class='ocrx_word' id='word_1_538' title='bbox 1938 2874 1967 2897; x_wconf 79' lang='lat'>³³</span> <span class='ocrx_word' id='word_1_539' title='bbox 1978 2877 2044 2927; x_wconf 90' lang='lat' dir='ltr'>qui</span> <span class='ocrx_word' id='word_1_540' title='bbox 2062 2889 2206 2928; x_wconf 90' lang='lat' dir='ltr'>respon</span> 
     </span>
    </p>
   </div>
   <div class='ocr_carea' id='block_1_17' title="bbox 1999 2998 2066 3030">
    <p class='ocr_par' dir='ltr' id='par_1_50' title="bbox 1999 2998 2066 3030">
     <span class='ocr_line' id='line_1_173' title="bbox 1999 2998 2066 3030; baseline 0 -6"><span class='ocrx_word' id='word_1_541' title='bbox 1999 2998 2066 3030; x_wconf 79' lang='lat' dir='ltr'>Qz</span> 
     </span>
    </p>
   </div>
   <div class='ocr_carea' id='block_1_18' title="bbox 2334 305 2510 338">
    <p class='ocr_par' dir='ltr' id='par_1_51' title="bbox 2334 305 2510 338">
     <span class='ocr_line' id='line_1_174' title="bbox 2334 305 2510 338; baseline 0.011 -3"><span class='ocrx_word' id='word_1_542' title='bbox 2334 305 2417 337; x_wconf 77' lang='lat' dir='ltr'>Fol.</span> <span class='ocrx_word' id='word_1_543' title='bbox 2432 307 2510 338; x_wconf 82' lang='lat'>161.</span> 
     </span>
    </p>
   </div>
  </div>
 </body>
</html>
