2872 3268
616 335 698 376 162

614 443 705 477 XIX.
728 449 859 486 27—40.

834 592 1022 643 discipulo
1040 604 1132 631 ecce
1152 596 1274 629 mater

833 667 899 698 tua
917 672 966 698 ex
985 658 1049 697 illa
1068 658 1165 696 hora
1184 669 1278 696 acce

833 727 890 778 pit
910 726 1014 764 illam
1036 725 1248 775 discipulus
1268 724 1308 762 in

835 805 904 830 sua
923 797 1156 842 potestatem

755 857 784 879 ²⁸
797 859 940 897 Postea
959 857 1018 894 ihs
1038 856 1165 894 sciens
1185 855 1277 905 quia
1295 854 1365 892 ia—

835 923 968 962 omnia
987 926 1258 960 consummata

835 995 924 1028 sunt
943 987 1020 1026 atet
1039 997 1295 1026 consummen

837 1061 898 1092 tur
918 1054 1131 1103 scripturae

837 1119 928 1158 dicit
949 1119 1035 1156 sitio
1054 1118 1082 1140 ²⁹
1094 1129 1164 1154 uas
1189 1115 1361 1166 positum

837 1192 918 1224 erat
938 1190 1050 1223 aceto
1070 1190 1107 1221 et
1127 1182 1279 1233 hysopo

828 1252 992 1302 plenum
1012 1249 1220 1300 spongiam
1240 1260 1281 1285 er

837 1329 889 1368 go
909 1316 1067 1367 plenam
1085 1320 1198 1353 aceto
1217 1312 1315 1363 perti

837 1397 875 1421 ce
893 1383 1234 1432 circumponentes
1254 1379 1307 1417 ob

838 1448 1004 1486 tulerunt
1023 1447 1105 1484 eius
1126 1445 1184 1483 ori

794 1515 825 1536 ³⁰
838 1527 925 1553 cum
945 1526 1040 1564 ergo
1061 1511 1275 1561 accepisset
1294 1509 1354 1548 ihs

840 1587 995 1620 acetum
1016 1579 1112 1618 dixit
1132 1589 1298 1616 consum

840 1652 989 1685 matum
1008 1650 1066 1683 est
1085 1643 1218 1682 inclito
1238 1642 1327 1692 capi

841 1719 878 1752 te
898 1710 1053 1751 tradidit
1073 1713 1159 1760 spfn

799 1778 827 1800 ⁸¹
843 1778 974 1816 iudaei
993 1773 1087 1826 ergo
1108 1774 1286 1826 quonia*
1305 1785 1400 1823 para

844 1843 1037 1883 seeusserat
1057 1848 1099 1879 ut
1119 1853 1199 1879 non
1221 1852 1261 1877 re

842 1914 1043 1948 manerent
1063 1907 1104 1944 in
1124 1917 1237 1944 cruce
1258 1915 1325 1942 eor

833 1983 936 2027 pora
960 1974 1124 2012 sabbato
1144 1977 1226 2009 erat
1245 1969 1342 2008 eni-

844 2052 1009 2091 magnus
1030 2039 1111 2077 dies
1136 2036 1286 2075 sabbati

844 2111 1077 2156 rogauerunt
1095 2103 1259 2154 pilatum

844 2179 885 2210 ut
905 2172 1174 2221 frangerentur
1193 2180 1328 2206 eorum

847 2250 956 2276 crura
974 2242 1012 2274 et
1034 2235 1259 2274 tollerentur

769 2304 796 2326 ³²
809 2303 1011 2343 Uenerunt
1031 2312 1125 2351 ergo
1146 2299 1227 2336 mili

846 2370 895 2407 tis
914 2375 951 2407 et
971 2368 1071 2405 illius
1091 2364 1249 2416 quidem
1275 2363 1333 2413 pri

849 2435 902 2473 mi
922 2433 1119 2484 fregerunt
1138 2442 1250 2469 crura

849 2507 886 2540 et
905 2500 1058 2539 alterius
1078 2497 1145 2549 qui
1164 2495 1282 2534 simul

1423 335 1549 369 IOHA

1458 393 1533 415 nem

1551 300 1572 318 ⁵2

1552 335 1584 367 N
1605 359 1626 377 θ’

1717 586 1886 626 crucifixi
1907 592 1995 624 sunt
2015 596 2099 623 cum
2120 583 2189 622 ffiu

1609 653 1707 692 ”Ad
1725 653 1806 692 ihm
1826 658 1953 690 autem
1974 663 2063 689 cum
2081 651 2187 688 uenis

1720 725 1804 758 sent
1822 725 1860 757 et
1878 717 2058 756 uiderunt
2074 727 2164 754 eum

1719 786 1796 824 iam
1815 775 2014 822 mortuum
2033 793 2114 820 non
2134 780 2189 820 fre

1720 857 1858 902 gerunt
1877 850 1959 888 eius
1979 861 2090 887 crura

1679 915 1710 939 ³⁴
1722 928 1823 955 unus
1844 915 2009 953 militum
2029 913 2163 951 lancea
2184 911 2220 950 la

1719 990 1782 1022 tus
1801 982 1883 1020 eius
1903 979 2065 1031 pepugit
2084 982 2124 1016 el
2140 979 2212 1015 exi

1720 1048 1774 1086 uit
1789 1047 1974 1086 continuo
1995 1044 2154 1094 sanguis

1680 1151 1687 1155 ..
1721 1120 1758 1152 et
1778 1124 1879 1163 aqua
1897 1111 1926 1132 ²³⁶
1938 1117 1976 1149 et
1995 1111 2061 1160 qui
2080 1108 2175 1147 uidit
2195 1108 2281 1146 testi

1721 1179 1897 1218 monium
1919 1175 2117 1227 perhibuit
2131 1179 2166 1212 et

1722 1257 1859 1283 uerum
1877 1249 1934 1281 est
1953 1242 2035 1280 eius
2053 1240 2199 1279 testimo

1722 1318 1833 1356 nium
1852 1321 1890 1354 et
1909 1315 1970 1352 ille
1991 1313 2061 1352 scit
2079 1313 2169 1362 quia
2191 1324 2235 1349 ue

1723 1396 1767 1422 ra
1786 1382 1878 1420 dicit
1897 1386 1939 1418 ut
1958 1386 1996 1418 et
2013 1390 2086 1417 uos
2105 1378 2216 1416 creda

1725 1450 1773 1487 tis
1792 1447 1931 1486 ³⁶facta
1950 1451 2039 1484 sunt
2058 1445 2154 1482 enim
2173 1443 2261 1480 haec

1724 1521 1767 1553 ut
1787 1513 1976 1563 scriptura
1994 1511 2211 1560 impleretur

1726 1593 1771 1620 os
1791 1592 1874 1618 non
1894 1576 2163 1617 comminuetis
2181 1587 2233 1613 ex

1727 1660 1776 1686 eo
1796 1646 1824 1668 ³⁷
1836 1650 1874 1683 et
1893 1645 2030 1682 iterum
2047 1642 2225 1680 uidebant

1726 1711 1768 1748 in
1787 1720 1904 1759 quem
1924 1704 2206 1745 transfixerunt

1647 1778 1676 1800 ⁸⁸
1690 1776 1785 1815 Post
1795 1772 1875 1802 haec
1887 1779 2015 1811 autem
2035 1770 2194 1819 rogauit
2200 1769 2288 1819 pila

1729 1848 1812 1880 tum
1832 1838 1969 1889 ioseph
1990 1837 2040 1875 ab
2060 1836 2225 1874 arimath

1730 1906 1767 1943 ia
1786 1903 1876 1954 quia
1894 1907 1976 1940 erat
1995 1899 2200 1950 discipulus

1729 1967 1838 2009 ihu-‹1-
1859 1975 1897 2006 et
1915 1965 2087 2018 permisit
2100 1965 2248 2015 pilatus

1728 2040 1918 2075 uenerunt
1937 2038 2062 2070 autem
2084 2034 2120 2069 et
2134 2035 2241 2068 sustu

1729 2103 1854 2141 lerunt
1872 2111 1963 2138 eum

1647 2170 1676 2191 ³⁹
1691 2167 1811 2207 Uenit
1833 2172 1963 2204 autem
1981 2162 2198 2202 nicodemus

1732 2233 1799 2283 qui
1816 2226 1924 2270 u¹e³rat
1945 2228 1995 2268 ad
2014 2228 2095 2268 ihm
2114 2231 2219 2265 nocte

1732 2299 1899 2349 primum
1918 2294 2044 2333 ferens
2064 2294 2192 2331 mixtu

1731 2376 1815 2402 ram
1844 2387 2315 2400 ........

1734 2429 1844 2481 quasi
1869 2445 1874 2448 ·
1913 2452 2319 2466 .......

1652 2498 1682 2519 ⁴⁰
1694 2496 1940 2546 Acceperunt
1958 2505 2044 2542 ergo
2064 2496 2099 2529 et

1659 2574 1701 2606 .h.
1726 2570 1853 2605 occulte
1868 2581 1948 2612 ergo
1963 2572 2097 2612 propter
2113 2570 2237 2599 metum

1724 2627 1894 2660 iudeorum
1910 2629 1946 2657 ut
1962 2623 2095 2656 tolleret
2111 2626 2228 2664 corpus
