2872 3268
92 305 175 339 501.
189 306 273 338 180.

294 182 489 239 1x.'36-x.
508 196 577 240 14.]

293 304 507 355 conplexus
527 310 627 343 esset

292 368 344 406 ait
363 368 435 406 illis
451 388 460 398 ·
501 367 531 388 ⁸⁷
544 366 719 418 quisquis

290 443 339 469 ex
359 430 582 468 huiusmodi
603 442 679 480 pue

289 494 342 531 ris
361 493 536 543 reciperit
554 492 595 530 in

289 555 447 595 nomine
468 566 558 593 meo
604 567 667 592 me

289 618 445 668 recipit·
485 624 523 655 et
542 617 659 667 quiesi

288 692 365 730 que
385 693 447 718 me
466 680 601 730 recipit
617 700 625 709 ·

288 755 371 781 non
391 755 454 781 me
474 742 608 792 recipit
628 742 698 780 sed

286 817 379 843 eum
398 805 464 855 qui
483 817 545 843 me
566 805 667 843 misit

286 867 316 888 ⁸⁸
328 866 545 917 Respondit
564 873 694 905 autem

289 929 481 968 iohannes
500 930 634 968 dicens

290 991 478 1041 Magister
496 991 665 1030 uidimus

287 1053 485 1105 quendam
504 1054 544 1091 in
564 1055 671 1092 nomi

287 1129 337 1155 ne
357 1123 424 1155 tuo
444 1116 646 1155 eicientem

288 1179 473 1218 demonia
489 1200 498 1209 ·
548 1179 641 1230 quia

287 1253 370 1280 non
390 1242 562 1292 sequitur
580 1253 654 1280 nos

285 1310 324 1342 et
342 1303 611 1355 prohibuimus

285 1378 377 1405 eum
393 1386 403 1396 ·
431 1366 460 1388 ³⁹
474 1366 526 1405 Et
545 1374 678 1416 resp0n

286 1429 383 1468 dens
402 1429 461 1467 ihs
480 1429 531 1467 ait
577 1442 630 1468 no

285 1491 348 1530 lite
369 1491 572 1542 prohibere

285 1566 377 1592 eum
393 1575 402 1584 ·
446 1566 563 1592 nemo
583 1560 640 1593 est

286 1641 392 1680 enim
405 1662 413 1672 ·
471 1642 537 1692 qui
558 1642 671 1680 faciat

285 1705 466 1743 uirtutem
485 1705 525 1743 in
544 1705 653 1743 nomi

285 1779 335 1805 ne
355 1779 444 1806 meo
457 1788 466 1797 ·
509 1767 560 1805 Et
578 1767 717 1818 poterit

285 1830 362 1870 cito
381 1830 482 1868 male
502 1830 609 1880 loqui
629 1830 677 1869 de

285 1887 348 1931 me
364 1913 373 1923 ·
404 1892 434 1914 ⁴⁰
445 1892 526 1940 Qui
544 1892 651 1931 enim
670 1905 751 1931 non

282 1961 341 1993 est
360 1955 545 1994 aduersus
564 1967 637 1994 uos

281 2030 354 2068 pro
369 2018 483 2056 uobis
502 2024 560 2056 est
576 2038 584 2048 ·

280 2078 309 2101 ⁴¹
323 2079 510 2132 Quisquis
530 2081 634 2119 enim
654 2093 706 2131 po

280 2149 365 2182 tum
385 2143 530 2182 dederit
548 2143 663 2181 uobis

281 2204 444 2244 calicem
463 2217 564 2256 aque
585 2206 625 2244 in
644 2218 698 2244 no

281 2267 385 2306 mine
404 2280 493 2306 meo
514 2268 606 2319 quia
625 2268 692 2318 xpi

280 2330 352 2369 etis
365 2350 374 2360 ·
418 2343 532 2369 amen
552 2331 640 2369 dico
660 2343 712 2370 uo

281 2392 340 2430 bis
360 2393 452 2443 quia
471 2405 552 2432 non
571 2394 651 2443 peri

281 2454 336 2492 bit
353 2466 500 2494 merces
519 2455 602 2494 eius
616 2476 625 2486 ·

281 2514 366 2554 ⁴²Et
378 2517 636 2567 quicumquae
652 2529 746 2557 scan

279 2578 500 2617 dalizauerit
518 2584 600 2618 unt—1

278 2641 327 2679 de
346 2641 492 2691 pusillis
511 2642 591 2679 istis

279 2703 473 2742 crentibus
493 2704 532 2741 in
551 2716 615 2742 me

279 2764 438 2803 Bonum
457 2772 514 2804 est
533 2766 586 2804 illi
605 2779 670 2805 ma

278 2828 338 2878 gis
358 2828 388 2866 si
407 2828 605 2867 eircfidare

279 2897 341 2929 tur
358 2890 454 2942 lapis
473 2891 627 2930 molaris

1198 190 1427 231 MARC‚·

795 303 897 342 circa
916 302 1017 343 collo
1038 303 1121 342 eius

793 373 832 405 et
852 367 891 404 in
910 367 1006 405 mari
1026 367 1133 405 mitte

793 436 896 467 retur
913 451 921 459 ·
941 451 949 460 ·
980 430 1009 450 ⁴¹³
1021 430 1073 468 Et
1094 430 1125 468 si
1150 441 1248 468 scan

794 492 932 531 dalizat
951 498 989 530 te
1009 505 1150 530 manus

793 561 858 593 tua
878 555 1031 594 abscide
1050 555 1147 594 illa-

793 616 951 655 Bonum
970 624 1028 655 est
1047 617 1115 655 tibi
1135 617 1182 656 de

793 680 908 718 bilem
928 680 1083 718 introire

792 742 832 780 in
851 742 971 780 uitam
1018 755 1137 793 quam

792 804 888 842 duas
908 817 1046 843 manus
1065 805 1116 843 ha

791 867 948 905 bentem
966 867 1045 906 hire
1065 868 1104 905 in

792 929 1036 979 geheennam
1058 930 1098 979 ig

791 992 851 1030 nis
880 992 1096 1042 inextingui

790 1054 909 1092 bilem
925 1075 933 1084 ·
977 1053 1007 1076 ⁴⁴
1018 1054 1083 1092 ubi
1102 1066 1173 1093 uer

790 1117 863 1155 mis
882 1129 1018 1155 eorum
1037 1129 1119 1155 non

790 1179 974 1217 morietur
998 1185 1036 1217 et
1055 1179 1095 1229 ig

790 1242 850 1280 nis
871 1254 952 1280 non
973 1242 1154 1292 extingue

789 1311 850 1342 tur
864 1325 872 1334 ·
911 1304 940 1325 4⁵
951 1304 1002 1342 Et
1022 1304 1054 1343 si
1072 1316 1142 1354 pes
1161 1310 1202 1342 tu

789 1379 835 1405 us
865 1366 1101 1405 scandalizat

789 1437 826 1468 te
847 1435 1005 1480 amputa
1024 1430 1132 1467 illum

788 1493 935 1530 bonum
955 1497 1012 1530 est
1031 1491 1099 1529 tibi

787 1554 968 1593 claudum
992 1554 1091 1592 intro

786 1642 840 1680 ire
860 1642 899 1680 in
918 1642 1038 1680 uitam
1058 1647 1163 1681 aeter

787 1717 880 1743 nam
894 1725 903 1735 ·
948 1717 1067 1755 quarn
1087 1705 1187 1743 duos

787 1766 907 1817 pedes
927 1767 1138 1805 habentem

785 1830 885 1868 mitti
904 1830 944 1868 in
963 1829 1142 1879 gehenna
1155 1850 1164 1859 ·

786 1892 827 1929 in
846 1892 978 1942 ignem
998 1892 1161 1930 inexstin

785 1955 972 2004 guibilem
1027 1954 1055 1975 ⁴⁶
1069 1955 1136 1993 ubi

783 2017 926 2056 uermis
953 2029 1088 2055 eorum

784 2092 866 2118 non
885 2079 1070 2118 morietur

783 2149 821 2180 et
841 2142 943 2192 ignis
963 2154 1045 2180 non
1064 2143 1190 2181 exstin

783 2212 920 2255 guetur
936 2225 945 2235 ·
962 2226 971 2235 ·
1001 2205 1030 2226 ⁴⁷
1041 2205 1093 2243 Et
1113 2206 1145 2244 si
1164 2218 1189 2245 o

782 2268 889 2306 culus
909 2274 996 2306 tuus
1015 2280 1109 2306 scan

782 2330 921 2369 dalizat
941 2337 978 2369 te
998 2330 1080 2369 eice
1100 2330 1125 2368 il

782 2392 861 2430 lum
879 2413 887 2422 ·
929 2393 1077 2431 bonum
1097 2400 1156 2432 est

781 2455 851 2493 tibi
871 2467 1032 2494 caecum
1052 2456 1153 2494 intro

782 2517 836 2556 ire
855 2517 895 2555 in
914 2530 1079 2568 regnum
1099 2518 1138 2556 di
1151 2539 1160 2548 ·

782 2591 900 2630 quam
920 2580 1019 2618 duos
1040 2592 1116 2618 ocu

781 2642 840 2680 los
860 2641 1069 2679 habentem

782 2704 880 2741 mitti
900 2704 940 2741 in
955 2703 1084 2753 gehen

781 2778 875 2804 nam
894 2766 994 2816 ignis
1036 2766 1065 2788 ⁴⁸
1077 2766 1142 2805 ubi

779 2829 922 2867 uermis
950 2840 1084 2867 eorum

779 2903 860 2930 non
879 2891 1061 2930 morietur

1331 309 1369 342 et
1388 303 1490 353 ignis
1510 315 1592 342 non
1607 303 1714 342 extin

1330 373 1467 416 guetur
1483 387 1491 396 ·
1507 387 1516 396 ·
1569 366 1600 387 ⁴⁹
1612 366 1741 408 omnis

1330 429 1434 467 enim
1453 428 1553 479 ignis
1601 428 1687 467 allie

1328 497 1388 529 tur
1403 512 1412 521 ·
1456 491 1507 529 Et
1528 491 1656 529 omnis

1327 553 1484 591 uictima
1504 553 1594 592 salis
1610 553 1647 591 al

1327 616 1436 655 lietur
1453 637 1461 646 ·
1480 637 1489 646 ·
1523 615 1554 637 ¹⁵⁰
1565 617 1714 654 bonum

1328 684 1385 717 est
1405 678 1461 716 sal
1515 678 1622 728 quod
1642 678 1673 717 si

1328 741 1383 780 sal
1401 741 1588 780 insulsum
1608 740 1648 779 fu

1328 804 1398 842 erit
1452 804 1492 842 in
1512 816 1591 854 quo
1610 803 1702 842 illud

1328 866 1467 905 salietis
1484 886 1493 896 ·
1535 866 1675 904 habete

1327 928 1367 966 in
1386 928 1498 967 uobis
1517 928 1609 979 ipsis
1629 940 1672 966 sa

1327 990 1405 1029 lem
1419 1011 1428 1020 ·
1471 997 1509 1029 et
1528 1003 1665 1041 pacem
1686 990 1736 1029 ha

1327 1053 1415 1091 bete
1435 1053 1532 1091 inter
1551 1065 1624 1091 uos
1643 1076 1698 1080 —

1381 1133 1656 1150 ΦΦΦΝΙΝΦ

1294 1175 1312 1196 *
1327 1181 1393 1217 10.
1414 1178 1427 1198 ¹
1442 1178 1492 1216 Et
1510 1178 1599 1216 inde
1620 1191 1684 1217 sur

1295 1239 1314 1260 *
1328 1253 1426 1290 gens
1444 1241 1549 1279 uenit
1567 1241 1607 1278 in

1293 1302 1312 1323 *
1326 1303 1423 1342 fines
1442 1303 1577 1342 iudeae

1325 1373 1430 1405 trans
1445 1366 1629 1405 iodanem

1325 1429 1376 1467 Et
1391 1429 1576 1467 conuenit

1324 1492 1458 1530 iterum
1478 1492 1588 1530 turba

1324 1554 1375 1592 ad
1395 1566 1484 1592 eum
1500 1575 1509 1584 ·
1552 1561 1591 1593 et
1614 1554 1713 1592 sicut

1325 1648 1581 1681 consueuerat
1600 1654 1663 1680 rur

1325 1716 1391 1743 sus
1411 1704 1578 1743 docebat
1598 1716 1666 1743 eos
1683 1728 1737 1732 --

1323 1765 1336 1786 ²
1348 1766 1398 1805 Et
1417 1768 1647 1806 accedentes
1668 1767 1736 1806 fari

1323 1830 1402 1868 saei
1418 1830 1658 1880 interrogaue

1322 1899 1411 1930 runt
1429 1904 1519 1930 eum
1533 1912 1541 1921 ·
1584 1892 1615 1931 si
1635 1892 1723 1931 licet

1321 1955 1405 1993 uiro
1426 1967 1588 1993 uxorem
1610 1954 1648 1992 di

1321 2017 1468 2055 mittere
1485 2037 1493 2047 ·
1537 2023 1643 2067 temp

1320 2086 1441 2118 tantes
1460 2079 1568 2117 illum
1582 2100 1591 2110 ·
1635 2079 1650 2100 ⁸
1664 2079 1717 2118 At

1320 2142 1381 2180 ille
1401 2142 1643 2192 respondens

1319 2204 1415 2243 dixit
1434 2205 1489 2243 eis
1502 2225 1511 2234 ·
1569 2203 1662 2255 quid

1317 2267 1429 2305 uobis
1454 2267 1626 2317 precepit

1318 2341 1497 2380 moyses·
1555 2329 1647 2379 *qui
1669 2328 1734 2372 dix

1319 2399 1430 2430 erunt
1447 2413 1455 2422 -
1512 2404 1652 2442 praece

1318 2455 1374 2505 pit
1391 2454 1564 2493 libellum
1582 2467 1623 2492 re

1318 2517 1426 2567 pudii
1445 2517 1536 2555 dare
1557 2517 1658 2567 scrip

1318 2585 1400 2617 tum
1423 2586 1462 2618 et
1482 2579 1630 2617 dimitte

1318 2654 1357 2680 re
1373 2662 1382 2672 ·
1439 2642 1453 2663 ⁵
1465 2642 1606 2692 quibus
1624 2653 1686 2680 res

1318 2703 1498 2754 pondens
1519 2703 1578 2742 ihs
1597 2703 1649 2742 ait

1318 2766 1382 2804 Ad
1400 2765 1579 2804 duritiam
1599 2777 1667 2804 cor

1318 2827 1376 2866 dis
1394 2828 1511 2866 uestri
1530 2828 1631 2878 scrip

1318 2890 1363 2929 sit
1382 2890 1495 2929 uobis
1514 2895 1742 2942 preceptu-·

2218 199 2299 245 125

1833 302 1935 341 istud
1949 323 1957 332 ·
2016 303 2029 324 ⁶
2043 303 2093 341 ab
2112 303 2221 343 initio

1832 365 1937 403 enim
1957 366 2175 404 masculum

1830 434 1869 466 et
1889 427 2073 466 feminam
2093 427 2180 467 fecit

1831 502 1901 529 eos
1922 489 1967 528 ds
2023 491 2037 511 ⁷
2052 496 2090 528 et
2109 490 2203 529 dixit
2219 511 2228 522 ·

1833 552 1993 602 Propter
2012 552 2089 591 hoc
2110 553 2205 592 relin

1832 622 1924 665 quet
1943 614 2064 654 homo
2094 619 2202 666 patre

1832 690 1944 716 suum
1964 684 2002 716 et
2022 681 2142 716 matre
2160 699 2168 708 ·

1831 746 1868 779 et
1889 740 2089 779 adherebit
2109 753 2159 779 ux

1831 814 1939 840 orem
1960 815 2071 841 suam
2086 824 2095 833 ·

1828 864 1842 885 ⁸
1858 871 1896 903 et
1914 871 2026 903 erunt
2045 865 2123 904 duo
2143 866 2183 903 in

1829 939 1946 966 carne
1965 940 2043 966 una
2059 948 2068 958 ·
2113 928 2174 966 Ita

1829 1002 1904 1040 que
1924 990 2002 1028 iam
2022 1002 2104 1028 non
2125 997 2214 1029 sunt

1828 1052 1906 1090 duo
1962 1052 2031 1091 sed
2053 1065 2131 1091 una
2150 1065 2197 1091 ca

1826 1127 1871 1153 ro
1888 1135 1897 1144 ·
1955 1115 1968 1136 ⁹
1980 1115 2087 1166 quod
2106 1127 2199 1165 ergo

1828 1177 1873 1215 ds
1893 1178 2088 1216 coniunxit
2107 1177 2159 1217 ho

1829 1251 1895 1278 mo
1915 1252 1998 1278 non
2017 1245 2170 1290 separet
2183 1261 2192 1270 ·

1828 1301 1856 1322 1⁰
1871 1301 1921 1339 Et
1940 1302 1980 1339 in
2000 1302 2121 1341 domo
2140 1302 2236 1341 iteri-1

1828 1364 2006 1415 discipuli
2025 1365 2107 1403 eius
2127 1365 2175 1403 de

1828 1427 1970 1465 eodem
1990 1427 2131 1466 interro

1827 1496 2016 1538 gauerunt
2035 1501 2126 1528 eum
2142 1510 2151 1520 ·

1827 1549 1853 1572 ¹¹
1867 1550 1920 1589 Et
1939 1551 2035 1590 dixit
2053 1552 2109 1590 eis
2128 1551 2188 1590 ihs

2315 315 2396 347 1¹01.
2413 316 2491 347 181.

1827 1639 2060 1689 quicumque
2080 1639 2173 1677 dimi

1827 1702 1916 1740 serit
1934 1701 2098 1740 u‘xorem
2119 1710 2220 1741 sua-

1826 1771 1863 1802 et
1882 1764 1998 1802 aliam
2019 1764 2168 1803 duxerit

1825 1827 2050 1866 moechatur
2069 1839 2184 1878 super

1824 1901 1912 1928 earn
1929 1910 1938 1919 ·
1981 1887 2010 1911 ¹²
2021 1896 2060 1928 et
2079 1890 2111 1928 si
2129 1890 2265 1929 mulier

1825 1952 1958 1990 exierit
1978 1964 2001 1990 a
2018 1953 2102 1990 uiro
2145 1959 2183 1991 et

1825 2014 1888 2052 alii
1907 2015 2077 2053 nubserit
2096 2027 2186 2053 moe

1824 2077 1959 2116 chatur
1975 2098 1984 2107 ·
2014 2076 2042 2098 ¹⁸
2056 2077 2107 2115 Et
2126 2077 2173 2116 of

1823 2138 1995 2178 ferebant
2013 2140 2049 2178 ei
2067 2152 2144 2189 pue

1822 2214 1885 2241 ros
1903 2207 1946 2240 ut
1965 2208 2138 2253 tangeret

1822 2276 1891 2303 eos
1908 2285 1917 2295 ·
1975 2265 2150 2315 discipuli

1823 2333 1953 2365 autem
1973 2328 2164 2366 conamina

1822 2390 1964 2428 bantur
1983 2390 2062 2429 offe

1822 2452 1993 2491 rentibus
2010 2473 2018 2482 ·
2031 2475 2086 2480 —-

1822 2513 1850 2535 ²⁴
1863 2526 1961 2564 quos
1981 2527 2070 2553 cum
2089 2515 2127 2553 ui

1822 2576 1927 2615 deret
1946 2577 2005 2615 ihs
2024 2577 2134 2628 indig

1821 2645 1935 2677 natus
1955 2646 2014 2678 est
2030 2661 2039 2670 ·
2082 2640 2134 2678 Et
2153 2640 2207 2680 ait

1821 2701 1892 2740 illis
1942 2702 2055 2741 sinite
2074 2715 2151 2753 pue

1819 2776 1883 2803 ros
1910 2764 2043 2803 uenire

1819 2827 1870 2865 ad
1889 2839 1954 2866 me
1970 2848 1980 2857 ·
2021 2827 2073 2866 Et
2091 2828 2211 2868 nolite

1818 2889 2022 2940 prohibere
2039 2889 2126 2929 illos
