2872 3268
556 221 611 239 ψ
654 168 926 246 [ΝῙΤῙΠᾞΙ
949 197 1052 246 SC'J
1078 170 1455 249 EUANGELJJ-
1487 208 1622 249 ΒΕΘ.
1655 172 1996 249 ΜῘΖἨΕῌΜ·
2035 231 2089 248 ψ,
2159 218 2202 261 [1.
2223 228 2326 261 1—23.

1366 280 1451 313 liber
1467 282 1529 314 iste
1545 285 1593 314 est
1609 285 1661 314 see
1677 282 1781 315 marie
1797 283 1909 324 scique
1926 283 2108 315 corbiniani
2124 283 2279 326 frisinge;

137 346 222 378 ποι.
238 343 292 379 1.*
311 346 344 382 1.
371 341 508 382 ²Liber

275 417 294 439 *
311 406 572 456 generationis

276 479 296 502 *
312 468 378 506 ihu
397 469 465 518 xpi
484 469 536 507 fili
556 468 624 508 did
636 489 646 500 ·

276 542 296 564 *
313 530 366 568 fili
385 530 571 570 abraham
589 555 597 564 ·

276 605 296 627 *
312 589 559 646 ²[abr]aham
578 606 683 644 genu

276 667 296 690 *
315 651 362 708 [it
379 652 526 709 i]saac·
564 656 669 696 isaac

276 730 296 752 ιιι
312 719 446 768 genuit
467 718 604 757 iacob·

275 792 295 815 *
312 780 426 820 iacob
445 787 575 819 autem
595 793 644 831 ge

275 855 294 878 *
312 843 394 881 nuit
412 843 544 882 iudam
563 850 600 882 et

309 905 446 944 fratres
466 906 549 944 eius
563 926 571 934 ·

308 967 439 1006 ⁸iudas
457 974 587 1006 autem
606 979 657 1017 ge

308 1030 391 1069 nuit
410 1030 511 1068 fares
530 1036 570 1068 et

307 1105 396 1132 zara
415 1105 463 1132 ex
483 1093 656 1132 thamar·

306 1155 408 1194 fares
427 1162 558 1194 autem

306 1218 440 1269 genuit
459 1230 587 1258 esrom
602 1243 610 1251 ·

306 1292 438 1320 esrom
457 1287 587 1319 autem

306 1343 441 1393 genuit
460 1355 567 1381 aram
583 1367 591 1376 ·

304 1406 434 1444 ‘aram
453 1411 583 1444 autem

306 1468 439 1519 genuit
461 1469 592 1508 amina

306 1530 384 1570 dab
399 1555 407 1564 ·
441 1531 650 1570 aminadab

304 1621 437 1657 autem
456 1618 593 1669 genuit
610 1639 619 1648 ·

303 1693 498 1719 naasson·
537 1693 633 1719 naas

305 1755 378 1782 son
397 1750 527 1782 autem
547 1755 597 1793 ge

304 1807 386 1844 nuit
405 1806 556 1846 salmon
570 1830 579 1838 ·

293 1868 477 1908 .⁵salmon
499 1875 630 1907 autem

303 1931 436 1982 genuit
455 1932 555 1970 booz

304 2007 352 2033 ex
371 1994 515 2033 rachab
530 2018 539 2028 ·
580 1994 680 2033 booz

303 2064 434 2096 autem
453 2056 587 2106 genuit

302 2119 421 2159 obeth
440 2131 488 2157 ex
508 2118 596 2157 ruth
609 2143 619 2152 -

303 2181 421 2221 obeth
440 2187 570 2220 autern

302 2244 436 2294 genuit
453 2244 553 2282 iesse
567 2267 576 2276 ·

301 2307 420 2346 ⁶iesse
440 2313 570 2346 autem
589 2319 640 2357 ge

302 2369 386 2408 nuit
404 2369 521 2408 dauid
539 2382 581 2408 re

302 2444 416 2482 gem·
456 2431 572 2471 dauid
591 2438 680 2470 aute
731 2454 739 2462 ·

301 2506 370 2532 rex
389 2494 524 2544 genuit
542 2506 587 2533 so

301 2556 503 2595 lomonem
522 2569 571 2595 ex
589 2569 636 2595 ea

302 2623 402 2669 quae
421 2618 492 2656 fuit
509 2619 614 2658 uriae
631 2643 639 2652 -

303 2680 517 2720 '‘Solomon
537 2687 668 2720 autem
687 2704 695 2713 ·

302 2744 437 2794 genuit
459 2744 620 2783 roboam

813 346 976 385 roboam
995 351 1125 384 autem

814 408 948 457 genuit
966 408 1083 446 abiud
1098 431 1106 440 ·

815 470 932 507 abiud
952 476 1080 508 autern
1100 483 1149 521 ge

815 531 898 570 nuit
917 531 1038 582 asaph
1055 556 1062 564 -

814 593 955 644 ⁸asaph
975 601 1104 633 autem
1124 607 1174 645 ge

814 656 896 693 nuit
914 656 1079 695 iosafath
1092 681 1101 690 ·

812 718 950 757 iosafat
968 724 1097 757 autem

812 781 946 830 genuit
964 781 1086 820 ioram
1100 802 1108 812 ·

810 842 935 881 ioram
955 850 1085 882 autem

811 900 944 955 genuit
963 906 1089 944 oziam
1105 931 1112 939 ·

810 967 934 1006 ⁹ozias
954 974 1082 1006 autem
1101 982 1150 1019 ge

811 1030 894 1068 nuit
915 1031 1089 1069 ioatham
1105 1055 1113 1065 ·

810 1092 982 1131 ioatham
1002 1097 1090 1132 aute

810 1155 941 1204 genuit
959 1155 1077 1195 achas
1091 1181 1099 1189 ·

810 1218 929 1256 achas
949 1224 1077 1256 autem
1096 1231 1145 1268 ge

809 1280 892 1318 nuit
909 1281 1105 1319 ezechiam

807 1341 989 1381 1⁰ezecias
1009 1350 1138 1381 autem

808 1405 939 1459 genuit
962 1417 1106 1444 manna

810 1479 916 1505 sem·
958 1479 1165 1507 mannases

808 1536 937 1568 autem
956 1531 1088 1580 genuit

807 1629 917 1656 amos
932 1641 940 1649 ·
979 1630 1090 1656 amos
1110 1622 1198 1658 aute

806 1680 938 1729 genuit
957 1680 1092 1719 iosiam
1107 1706 1116 1715 .

806 1741 832 1763 1¹
840 1742 955 1780 iosias
975 1749 1104 1781 autem
1121 1738 1123 1741 ⁴

805 1804 938 1854 genuit
954 1805 1069 1844 ieeho

805 1867 934 1905 niam·
972 1874 1011 1906 et
1029 1867 1164 1908 fratres

805 1930 909 1968 eius·
949 1930 989 1967 in
1008 1936 1114 1968 trans

805 1992 1032 2042 migratione
1052 1994 1103 2031 ba

806 2054 981 2105 bylonis·
1020 2053 1107 2093 ¹²Et

805 2123 897 2168 post
916 2118 1075 2156 transmi

804 2180 1019 2230 grationem
1038 2181 1089 2219 ba

803 2243 980 2293 bylonis·
1017 2243 1102 2282 ieco

803 2306 888 2344 nias
906 2306 1039 2356 genuit
1063 2318 1106 2344 sa

802 2369 933 2408 lathiel
954 2393 962 2401 -
1003 2368 1157 2407 Salatiel

803 2438 933 2470 autem
952 2431 1087 2481 genuit

802 2494 1011 2533 zorobabel
1027 2518 1035 2526 -

802 2556 1046 2595 ¹‘'zorobabel
1065 2558 1154 2596 a'ute

800 2619 932 2669 genuit
949 2619 1098 2657 abiiud·

801 2682 918 2720 abiud
939 2687 1068 2720 autem
1086 2694 1136 2731 ge

802 2745 885 2782 nuit
902 2744 1078 2783 eliachim
1094 2761 1102 2769 ·

802 2807 982 2846 eliachim
1001 2812 1130 2846 autem

1356 349 1490 397 genuit
1509 360 1601 387 azor
1613 366 1621 374 ·

1355 408 1483 448 1*azor
1502 417 1632 448 autern
1651 422 1702 460 ge

1356 473 1440 510 nuit
1458 473 1605 511 saddoc
1617 494 1625 502 ·

1357 534 1504 572 saddoc
1525 540 1655 573 autem

1355 597 1489 645 genuit
1507 597 1657 635 achim-

1355 658 1482 696 achim
1502 666 1632 699 autem
1652 673 1701 711 ge

1355 721 1438 759 nuit
1456 721 1557 761 eliud
1571 747 1579 756 ·
1623 723 1734 762 ¹⁶eli1'i

1354 790 1482 822 autem
1502 786 1637 834 genuit

1355 845 1525 884 eleazar·
1564 847 1646 886 elea

1355 920 1419 946 zar
1438 915 1568 947 autem
1587 923 1637 960 ge

1354 971 1435 1008 nuit
1454 972 1662 1011 mattham-

1353 1033 1542 1071 mattham
1563 1039 1649 1074 aute

1353 1096 1485 1145 genuit
1504 1096 1638 1136 iacob·

1352 1156 1498 1197 ¹⁶iacob
1517 1166 1644 1197 autern
1665 1172 1714 1210 ge

1352 1220 1435 1259 nuit
1453 1221 1587 1272 ioseph
1609 1246 1618 1255 ·
1641 1247 1648 1255 -
1673 1247 1680 1255 ·

1353 1283 1426 1322 Cui
1446 1284 1680 1335 desponsata

1351 1347 1471 1384 maria
1490 1348 1623 1396 genuit

1349 1408 1430 1446 ihm
1447 1427 1454 1435 ·
1494 1407 1717 1459 quiuocatur

1350 1474 1423 1520 xps
1441 1488 1448 1498 ·
1488 1471 1674 1511 1⁷Omnes

1348 1545 1441 1583 ergo
1460 1535 1656 1584 generatio

1347 1633 1416 1659 nes
1436 1622 1484 1660 ab
1503 1621 1688 1662 abraham
1704 1641 1712 1650 ·

1346 1696 1467 1734 usque
1488 1685 1538 1723 ad
1563 1685 1680 1724 dauid
1696 1703 1704 1712 ·

1345 1747 1612 1795 generationes

1347 1809 1656 1857 quattuordecim
1673 1832 1739 1843 ·—-

1347 1869 1398 1908 Et
1417 1871 1467 1908 ad
1487 1871 1604 1909 dauid
1622 1873 1718 1924 usqs

1347 1933 1397 1971 ad
1416 1933 1648 1983 transmigra

1346 1995 1494 2033 tionem
1513 1996 1655 2045 babylo

1346 2057 1405 2095 nis
1424 2058 1622 2107 generatio

1345 2132 1414 2158 nes
1434 2121 1662 2170 quattuorde

1345 2182 1445 2221 cim·
1485 2182 1702 2222 Etatrans
1752 2232 1756 2234 q

1344 2244 1576 2294 migratione
1596 2246 1647 2284 ba

1343 2307 1496 2357 bylonis
1512 2328 1520 2336 ·
1558 2320 1681 2358 usque

1344 2370 1394 2408 ad
1413 2373 1509 2420 xpm
1529 2371 1699 2420 generati

1343 2444 1440 2471 ones
1459 2439 1642 2483 quattuor

1343 2494 1675 2545 decimm¹⁸†X1‘)i
1695 2507 1745 2534 au

1342 2565 1422 2597 tem
1441 2558 1637 2608 generatio

1344 2620 1399 2659 sic
1419 2626 1500 2658 erat
1516 2637 1524 2645 ·

1343 2681 1445 2721 Cum
1463 2689 1566 2721 esset
1585 2682 1735 2733 despon

1342 2750 1426 2782 sata
1445 2750 1566 2783 mater
1583 2745 1665 2782 eius

1341 2807 1460 2845 maria
1479 2806 1617 2857 ioseph

1381 2883 1404 2919 †
1426 2881 1558 2913 initium
1570 2881 1692 2931 lect—de

1424 2931 1597 2963 natiuitate
1608 2931 1666 2962 dm

1857 347 2079 399 Antequam
2098 362 2225 390 conue

1858 410 1984 448 nirent
2000 431 2008 441 ·
2051 411 2170 451 inuen

1857 478 1896 510 ta
1917 478 1976 511 est
1994 473 2034 511 in
2053 481 2165 513 utero

1855 532 2006 574 habens
2027 535 2076 574 de
2096 540 2170 586 spu

1857 601 1925 634 sco
1943 618 1950 627 ·
1970 619 1977 627 -
2022 597 2196 649 1⁹i0seph

1855 665 1985 697 autem
2004 660 2062 698 uir
2080 661 2161 699 eius
2178 682 2186 690 ·

1856 733 1944 760 cum
1966 729 2067 760 esset
2085 723 2225 762 iustus·

1856 789 1894 821 et
1912 783 2019 822 nolet
2038 796 2126 823 eam
2145 791 2204 825 tra

1857 844 1998 884 ducere
2015 862 2023 871 ·
2065 847 2158 885 uolu

1853 907 1881 944 it
1900 908 2052 947 occulte
2072 908 2182 947 dimit

1854 975 1934 1008 tere
1953 970 2058 1008 illam
2075 989 2083 997 ·

1852 1031 1883 1052 ²⁰
1893 1031 1981 1071 Hec
2001 1046 2049 1072 eo
2072 1034 2268 1084 cogitante
2282 1051 2291 1061 ·

1852 1106 1945 1133 ecce
1965 1095 2127 1145 angelus
2148 1096 2214 1134 dni

1852 1157 2030 1206 apparuit
2049 1158 2089 1195 in
2109 1170 2195 1197 som

1851 1219 1913 1257 nis
1934 1219 2066 1258 dicens
2083 1238 2091 1246 ·
2129 1220 2168 1259 io

1851 1280 1970 1330 seph·
2011 1282 2063 1320 fili
2083 1281 2223 1321 dauid·

1851 1354 1901 1381 ne
1921 1343 2058 1382 timeas
2079 1345 2162 1383 acci

1850 1417 1942 1455 pere
1962 1406 2125 1445 mariam

1850 1468 2055 1518 coniugem
2076 1475 2182 1507 tuam
2198 1489 2207 1498 -

1851 1529 1971 1578 Quod
1989 1531 2093 1569 enim
2112 1531 2153 1569 in
2173 1544 2219 1570 ea

1846 1624 2026 1657 nascetur
2045 1619 2094 1658 de
2114 1622 2188 1668 spu

1846 1685 1914 1719 sco
1934 1687 1990 1719 est
2003 1699 2011 1707 ·
2054 1680 2083 1703 ²¹
2090 1682 2213 1732 pariet

1846 1750 1975 1781 autem
1995 1743 2116 1781 filium

1844 1812 1882 1843 et
1903 1806 2063 1844 uocabis
2082 1818 2230 1844 nomen

1845 1867 1927 1905 eius
1945 1867 2026 1905 ihm
2043 1885 2051 1894 ·
2092 1868 2175 1918 ipse

1845 1930 1949 1968 enim
1970 1930 2121 1968 saluum
2140 1930 2178 1969 fa

1845 1992 1919 2030 ciet
1938 1993 2129 2043 populum

1846 2066 1959 2093 suum
1980 2067 2002 2093 a
2021 2056 2192 2105 peccatis

1845 2129 1982 2156 eorum
1997 2120 2021 2159 †
2051 2115 2190 2156 ”Hoc

1845 2185 1974 2217 autem
1992 2185 2119 2217 totum

1845 2242 1987 2279 factum
2007 2248 2064 2280 est
2081 2259 2088 2268 ·
2132 2247 2174 2280 ut

1844 2303 2114 2353 adimpleretur

1843 2365 1950 2416 quod
1970 2366 2114 2404 dictum
2133 2371 2192 2405 est

1844 2441 1867 2466 a
1887 2428 1966 2466 dno
1983 2449 1990 2458 ·
2011 2440 2080 2478 per
2100 2436 2167 2466 esa

1843 2492 1919 2529 iam
1941 2490 2129 2541 profetam

1843 2554 2035 2592 dicentem
2052 2570 2059 2578 ·

1841 2615 1981 2654 ²³Ecce
2000 2615 2111 2664 uirgo
2131 2614 2170 2652 in
2189 2620 2254 2653 ute

1841 2692 1885 2718 ro
1906 2677 2060 2716 habebit
2076 2697 2083 2706 ·
2127 2676 2178 2715 Et

1841 2741 1963 2792 pariet
1986 2739 2107 2778 filium
2122 2755 2131 2765 ·

1840 2804 1891 2842 Et
1909 2804 2106 2843 uocabunt
2125 2813 2178 2840 no

2039 2951 2062 2976 B

2341 356 2423 388 1¹01.
2438 356 2474 390 22
