2872 3268
491 221 546 262 90

278 332 360 365 1²01.
376 333 455 366 11⁷.
486 330 517 355 ⁸⁶
529 330 580 370 Et
599 331 716 370 altera
735 331 798 371 die
815 344 935 384 proce

486 393 585 433 dens
603 395 763 445 protulit
781 395 835 434 du

487 469 534 496 os
554 457 734 497 denarios
781 464 820 497 et
838 458 887 497 de

486 519 542 558 dit
562 521 770 559 stabulario
788 542 797 551 ·

486 588 525 620 et
544 583 596 622 ait
614 583 665 621 illi
720 595 853 621 curam
873 582 898 621 il

485 645 558 683 lius
578 645 678 683 habe
733 651 770 683 et
793 657 872 695 quo

485 719 653 758 cumque
672 719 830 757 superer

482 770 682 820 rogaueris
737 781 813 819 ego
831 781 873 808 re

484 839 640 871 uertens
658 831 821 870 reddam

485 894 555 933 tibi
576 915 585 924 ·
599 915 608 924 ·
639 894 666 915 ³⁶
679 892 778 940 Quis
798 893 897 932 horti

484 957 601 995 trium
619 956 770 994 uidetur
788 956 816 994 ti

483 1019 524 1057 bi
544 1019 745 1068 proximus
765 1018 883 1057 fuisse

483 1081 535 1119 illi
554 1081 620 1132 qui
639 1081 772 1119 incidit
791 1081 832 1119 in
851 1081 887 1119 la

485 1150 618 1182 trones
634 1164 643 1174 ·
673 1143 702 1165 ⁸⁷
714 1144 766 1182 At
786 1143 846 1182 ille
866 1143 932 1182 dix

485 1207 532 1245 sit
587 1206 654 1257 qui
674 1206 763 1245 fecit
782 1207 879 1246 mise

483 1269 690 1307 ricordiam
709 1270 750 1306 in
773 1269 838 1308 illo

483 1330 592 1369 Dixit
611 1343 706 1381 ergo
725 1331 778 1370 illi
797 1332 855 1370 ihs
869 1352 878 1362 ·

483 1394 586 1432 uade
633 1400 671 1432 et
689 1400 731 1432 tu
751 1394 812 1433 fac
833 1394 921 1434 simi

539 1474 594 1489 Ψ
613 1457 697 1496 liter
717 1475 771 1491 ses

444 1519 467 1544 *
483 1519 511 1540 ⁸⁸
524 1520 689 1559 Factum
707 1527 765 1559 est
784 1526 915 1560 autem

444 1582 466 1607 *
483 1595 575 1621 cum
594 1583 692 1622 irent
707 1604 716 1614 ·
757 1590 796 1622 et
815 1584 898 1634 ipse

483 1646 638 1685 intrauit
657 1646 697 1684 in
716 1647 888 1698 quodam

559 1708 593 1740 in
608 1707 697 1740 uiliis

559 1760 593 1792 in
609 1766 685 1794 nate
701 1763 756 1795 sEe
770 1762 874 1796 marie
934 1784 937 1787 -

483 1822 685 1861 castellum
701 1844 710 1853 ·
753 1825 849 1862 muli

483 1896 524 1922 er
542 1892 674 1923 autem
693 1887 891 1937 quaedam
905 1907 914 1917 ·

484 1949 645 1986 nomine
663 1949 813 1988 martha
835 1972 842 1981 ·

484 2012 637 2061 excepit
657 2011 765 2051 illum
785 2013 825 2051 in
847 2013 898 2052 do

484 2085 552 2112 mo
566 2086 635 2112 sua
649 2095 658 2104 ·
671 2074 758 2113 89Ε1ῑ
769 2075 858 2114 huic
872 2082 953 2114 erat

485 2147 595 2175 soror
615 2137 776 2176 nomine

484 2199 629 2236 maria·
670 2212 771 2250 quae

483 2261 600 2299 etiam
620 2261 759 2301 sedens
779 2273 891 2301 secus

483 2323 604 2373 pedes
624 2324 690 2362 dni
710 2323 892 2363 audiebat

482 2388 647 2424 uerbum
665 2387 765 2425 illius
779 2409 835 2415 —

483 2448 514 2470 ⁴⁰
526 2449 683 2488 Martha
701 2457 831 2488 autem
852 2458 935 2490 sata

485 2513 601 2561 gebat
621 2513 721 2551 circa
744 2513 842 2563 pluri

486 2586 594 2611 mum
614 2575 826 2614 ministerii-1
843 2597 852 2606 ·

486 2648 585 2686 quae
606 2638 705 2675 stetit
723 2645 760 2675 et
779 2639 831 2676 ait
850 2638 926 2677 dfie

486 2710 567 2736 non
587 2706 644 2737 est
662 2700 729 2737 tibi
748 2714 842 2739 cura
859 2722 867 2731 ·
903 2714 951 2741 eo

487 2761 593 2809 quod
614 2773 722 2799 soror
741 2775 828 2802 mea

487 2822 637 2871 reliquit
656 2835 718 2861 me
738 2825 874 2863 solami

487 2884 649 2921 nistrare
663 2904 671 2913 ·
713 2885 775 2924 dic
794 2899 888 2936 ergo

488 2945 542 2982 illi
561 2952 603 2983 ut
621 2958 684 2983 me
704 2947 859 2986 adiuuet
872 2970 880 2978 ·
900 2971 955 2978 -—

489 3007 515 3028 ⁴¹
530 3007 792 3056 Respondens
811 3017 940 3048 autem

487 3069 582 3107 dixit
603 3069 654 3107 illi
675 3069 732 3108 ihs
750 3091 758 3099 ·
802 3083 885 3109 mar

485 3131 574 3170 tha·
615 3132 766 3182 cogitas

1399 215 1558 257 SECD
1573 238 1581 247 ·

989 339 1028 373 et
1047 335 1210 374 turbaris
1230 334 1278 374 de
1297 335 1379 374 mul

989 403 1029 435 ta
1045 417 1053 427 ·
1087 396 1116 418 ⁴²
1126 399 1241 436 unius
1257 405 1386 438 autem
1398 405 1456 438 est

990 471 1090 510 opus
1104 481 1113 490 ·
1158 460 1352 500 Mariaute

990 523 1179 573 optimam
1197 530 1347 574 partem

990 584 1105 634 elegit
1160 599 1260 636 quae
1279 599 1360 626 non
1379 599 1430 625 au

989 646 1130 685 feretur
1149 648 1201 686 illi
1217 669 1225 679 ·
1242 671 1249 679 -
1267 671 1274 679 -
1293 670 1301 679 ·

988 712 1044 747 11.
1058 709 1123 748 1Et
1137 710 1283 749 facturn
1295 718 1353 750 est
1365 724 1455 750 cum

988 778 1089 810 esset
1109 772 1148 810 in
1168 774 1341 824 quodam
1361 774 1399 813 lo

988 846 1037 872 co
1057 847 1173 873 orans
1189 856 1198 865 ·
1239 842 1278 874 et
1297 849 1387 875 cum

988 898 1154 935 cessauit
1168 918 1176 927 ·
1221 898 1316 937 dixit
1334 912 1360 937 u

987 970 1060 996 nus
1079 959 1237 1010 quidam
1256 973 1304 999 ex
1325 961 1384 1001 dis

987 1021 1126 1072 cipulis
1145 1023 1229 1061 eius
1249 1023 1299 1062 ad
1318 1029 1367 1063 esi

988 1084 1065 1122 dne
1085 1083 1183 1124 doce
1203 1098 1277 1125 nos
1297 1099 1409 1126 orare

988 1146 1088 1185 sicut
1106 1148 1296 1188 iohannes
1318 1150 1370 1189 do

988 1210 1067 1248 cuit
1087 1210 1299 1262 discipulos
1319 1226 1365 1252 su

987 1285 1034 1311 os
1051 1293 1060 1303 ·
1103 1271 1118 1292 ²
1132 1274 1228 1313 dixit
1246 1282 1376 1315 autem
1402 1276 1428 1314 il

986 1335 1032 1373 lis
1089 1348 1180 1375 cum
1199 1339 1316 1377 oratis
1335 1339 1374 1377 di

988 1400 1062 1439 cite
1077 1423 1085 1432 ·
1101 1422 1136 1431 ··
1168 1401 1281 1440 Pater
1300 1414 1374 1441 nos

987 1470 1046 1502 ter
1065 1464 1131 1515 qui
1151 1464 1191 1501 in
1211 1464 1326 1503 caelis
1347 1476 1389 1503 es

988 1527 1180 1566 scificetur
1201 1539 1349 1565 nornen

987 1596 1099 1628 tuum
1153 1589 1284 1628 ueniat
1299 1602 1369 1640 reg

987 1665 1084 1691 num
1103 1659 1212 1691 tuum
1229 1652 1372 1736 ΨΜ
1391 1665 1444 1691 uo

988 1825 1115 1865 luntas
1134 1832 1200 1864 tua
1257 1826 1355 1865 sicut
1427 1879 1429 1882 .

989 1888 1029 1927 in
1049 1888 1160 1927 caelo
1179 1895 1216 1927 et
1235 1889 1275 1927 in
1294 1895 1395 1928 terra
1409 1911 1418 1919 ·

988 1964 1133 2002 panem
1153 1959 1331 1991 nostrum

988 2014 1228 2053 cotidianum
1248 2015 1298 2054 da
1317 2028 1370 2054 no

987 2077 1047 2115 bis
1067 2078 1224 2116 cottidie
1264 2078 1278 2099 ⁴
1292 2084 1328 2117 et
1349 2079 1388 2117 di

987 2141 1094 2179 mitte
1114 2141 1228 2180 nobis
1247 2153 1369 2192 pecca

986 2209 1026 2241 ta
1046 2209 1179 2242 nostra
1233 2215 1380 2255 quomo

988 2265 1040 2303 do
1061 2272 1098 2304 et
1117 2266 1191 2316 ipsi
1211 2266 1349 2305 dimitti

987 2340 1075 2365 mus
1094 2329 1203 2366 omni
1223 2328 1379 2367 debenti

987 2390 1101 2428 nobis
1123 2412 1130 2420 ·
1167 2396 1205 2429 et
1224 2403 1274 2429 ne
1294 2403 1368 2430 nos

987 2451 1148 2491 inducas
1167 2453 1208 2490 in
1227 2459 1374 2504 tempta

987 2515 1135 2553 tionem
1155 2515 1225 2554 sed
1244 2515 1364 2555 libera

987 2589 1060 2616 nos
1080 2589 1103 2616 a
1121 2579 1226 2617 malo
1238 2600 1293 2607 —

987 2639 1001 2661 ⁵
1012 2640 1063 2678 Et
1077 2640 1172 2678 dixit
1187 2640 1236 2679 ad
1250 2653 1320 2680 eos
1367 2642 1452 2691 quis

986 2709 1157 2741 uestrum
1176 2703 1292 2742 habet
1312 2716 1335 2742 a

986 2765 1132 2804 micum
1178 2773 1215 2804 et
1235 2767 1303 2804 ibit
1322 2766 1373 2805 ad
1419 2771 1429 2775 ’

986 2828 1094 2865 illum
1114 2829 1242 2867 media
1261 2835 1378 2868 nocte

988 2896 1026 2927 et
1045 2890 1146 2928 dicet
1165 2891 1217 2929 illi
1237 2893 1361 2930 amice

989 2953 1189 2991 commoda
1211 2954 1304 2991 mihi
1325 2960 1400 2992 tres

989 3025 1110 3062 panes
1127 3035 1135 3044 ·
1176 3016 1188 3035 ‘⁵
1201 3020 1294 3065 qum
1318 3017 1396 3054 ami

989 3086 1056 3112 cus
1075 3087 1186 3114 meus
1205 3078 1310 3115 uenit
1329 3078 1377 3116 de

987 3136 1050 3174 uia
1069 3137 1118 3174 ad
1137 3150 1200 3176 me
1246 3146 1283 3177 et
1302 3151 1383 3178 non

1525 335 1652 374 habeo
1672 334 1779 386 quod
1800 339 1907 386 pona

1527 459 1680 498 deintus
1739 471 1885 510 respon

1527 521 1626 559 dens
1647 520 1736 559 dicit
1755 521 1835 560 noli
1854 521 1909 559 mi

1527 583 1567 620 hi
1586 582 1771 622 molestus
1791 595 1878 622 esse
1894 604 1903 614 ·

1527 644 1605 683 iam
1625 651 1778 683 osteum
1797 645 1909 685 clusfi

1527 713 1586 746 est
1641 713 1679 745 et
1698 708 1807 757 pueri
1827 708 1867 746 in
1887 720 1937 747 cu

1527 770 1593 808 bili
1613 782 1768 809 mecum
1789 776 1878 809 sunt

1527 844 1608 871 non
1628 844 1792 883 possum
1811 845 1875 871 sur

1528 907 1621 945 gere
1641 900 1678 933 et
1698 895 1790 934 dare
1809 895 1877 934 tibi

1527 957 1649 996 ⁸Dico
1669 958 1784 997 uobis
1799 958 1830 996 si
1845 970 1927 996 non
1947 957 1998 997 da

1529 1020 1584 1058 bit
1601 1019 1677 1058 illi·
1724 1019 1896 1071 Surgens

1529 1094 1578 1122 eo
1597 1083 1703 1134 quod
1722 1084 1871 1123 amicus
1891 1083 1973 1123 eius

1528 1152 1587 1184 est
1642 1152 1801 1196 propter
1821 1146 1861 1184 in

1529 1208 1761 1259 pronitatem
1781 1220 1876 1247 uero

1528 1270 1610 1308 eius
1630 1276 1760 1320 surget
1778 1277 1817 1309 et
1836 1270 1942 1308 dabit

1526 1332 1579 1371 illi
1597 1339 1764 1383 quantos
1785 1333 1865 1372 desi

1528 1394 1637 1433 derat
1652 1415 1662 1425 ·
1677 1416 1686 1425 ·
1703 1416 1712 1426 ·
1735 1395 1812 1434 Ἐἰ
1831 1408 1906 1446 ego
1925 1406 1978 1434 uo

1528 1457 1587 1496 bis
1611 1457 1701 1496 dico
1756 1459 1874 1509 petite
1894 1464 1932 1497 et

1529 1520 1681 1559 dabitur
1700 1521 1812 1559 uobis
1827 1542 1835 1551 ·
1874 1534 1950 1572 que

1528 1584 1600 1622 rite
1621 1590 1659 1622 et
1676 1583 1880 1623 inuenietis
1896 1605 1904 1614 ·

1529 1645 1678 1696 pulsate
1699 1653 1736 1685 et
1750 1647 1879 1697 aperie

1529 1824 1591 1857 tur
1609 1818 1722 1858 uobis
1736 1839 1745 1849 ·
1761 1839 1769 1849 ·
1789 1817 1819 1839 ²⁰
1832 1818 1973 1858 Omnis

1530 1882 1614 1920 enis
1635 1881 1741 1919 enim
1760 1881 1828 1932 qui
1847 1882 1943 1931 petit

1530 1943 1670 1994 accipit
1686 1965 1695 1974 ·
1739 1943 1791 1982 Et
1810 1944 1876 1994 qui
1895 1956 1972 1995 que

1529 2007 1576 2044 rit
1595 2007 1742 2045 inuenit
1758 2027 1767 2037 ·
1807 2006 1859 2044 Et
1878 2007 1945 2057 pul

1530 2070 1630 2107 santi
1650 2070 1843 2120 aperietur
1856 2091 1913 2099 —

1529 2130 1557 2152 11
1572 2133 1608 2170 A
1627 2144 1706 2183 quo
1726 2139 1856 2171 autem
1876 2139 1983 2183 patre

1530 2207 1578 2233 ex
1597 2195 1710 2234 uobis
1729 2196 1825 2245 petit
1844 2195 1942 2233 filius

1529 2258 1610 2296 eius
1629 2270 1773 2308 panem
1828 2270 1923 2296 num

1529 2320 1622 2371 quid
1641 2320 1811 2370 lapidem
1830 2332 1903 2370 por

1527 2383 1626 2432 riget
1645 2383 1696 2420 illi
1713 2403 1721 2412 ·
1766 2381 1842 2420 Uel
1861 2383 1913 2420 eti

1528 2457 1592 2483 am
1611 2445 1782 2495 piscem·
1841 2457 1936 2483 num

1528 2508 1622 2559 quid
1640 2519 1711 2558 pro
1730 2508 1837 2558 pisce
1857 2520 1918 2547 ser

1528 2577 1687 2621 pentem
1707 2571 1811 2609 dabit
1826 2571 1876 2608 illi
1888 2593 1942 2598 —

1528 2632 1556 2653 ¹²
1568 2633 1648 2672 Aut
1663 2634 1694 2672 si
1709 2634 1848 2672 petierit
1862 2645 1984 2672 ouum

1528 2697 1718 2747 numquid
1738 2697 1906 2747 porriget

1526 2759 1580 2797 illi
1600 2759 1847 2810 scorpionem
1861 2782 1917 2786 —

1527 2819 1556 2842 ¹⁸
1570 2822 1610 2861 Si
1622 2835 1716 2873 ergo
1729 2834 1803 2861 uos
1814 2834 1906 2860 cum
1918 2822 1997 2860 sitis

1527 2884 1619 2923 mali
1638 2885 1761 2923 nostis
1781 2885 1888 2923 bona
1907 2884 1997 2923 data

1528 2947 1618 2985 dare
1638 2947 1724 2985 filiis
1742 2947 1900 2986 uestris·

1528 3009 1688 3056 Quanto
1707 3009 1832 3059 magis
1851 3015 1960 3059 pater

1527 3078 1656 3110 uester
1675 3071 1723 3109 de
1743 3071 1828 3110 celo
1849 3071 1955 3110 dabit

2213 225 2274 267 [X.
2291 230 2428 269 35-X1.
2445 238 2498 264 αι.

1994 337 2015 360 *
2027 334 2110 375 14Εῑ
2129 343 2211 376 erat
2230 338 2375 378 eiciens
2395 339 2444 378 de

1526 404 1617 436 ante
1635 398 1764 448 ipsum
1781 418 1789 427 -
1833 397 1848 419 ⁷
1860 404 1898 436 et
1916 397 1979 437 ille
1997 396 2017 418 '⁸‘

2031 399 2209 438 monium
2229 407 2268 439 et
2285 400 2380 440 illud

1997 458 2016 481 *
2032 460 2100 499 fuit
2120 469 2272 501 mutum
2328 463 2390 503 fac

1998 521 2113 561 *tum
2132 531 2192 563 est
2210 531 2252 563 ut
2271 526 2390 564 exiret

2031 585 2261 626 demonium
2307 588 2397 627 locu

2030 653 2091 686 tus
2111 655 2170 687 est
2189 655 2319 689 mutus
2332 670 2341 680 ·
2384 656 2423 689 et

2030 710 2157 748 mirati
2177 718 2266 750 sunt
2284 713 2419 752 turbae

1969 801 1973 804 .
2030 771 2237 819 ¹⁵Quidam
2260 781 2389 813 autem
2407 787 2456 814 ex
2474 774 2502 814 il

2030 834 2076 873 lis
2097 835 2274 875 dixerunt
2332 837 2374 876 in

2030 897 2227 937 beelzebul
2246 899 2368 949 princi

2030 972 2123 1010 pern
2143 961 2401 1001 daemoniorfi

2031 1023 2119 1061 eicit
2139 1023 2346 1063 daemonia
2361 1045 2370 1055 ·

2030 1082 2059 1105 ¹⁶
2071 1084 2146 1122 Alii
2165 1092 2297 1124 autem
2316 1092 2464 1126 temtan

2030 1153 2089 1186 tes
2109 1147 2264 1198 signum
2283 1149 2334 1187 ab
2353 1161 2402 1187 eo

2032 1209 2081 1248 de
2101 1211 2186 1249 celo
2206 1212 2420 1261 querebant

2031 1270 2061 1293 ¹⁷
2074 1272 2164 1323 Ipse
2184 1280 2316 1312 autem
2333 1280 2377 1312 ut
2391 1273 2487 1312 uidit

2032 1336 2288 1385 cogitationes
2303 1340 2400 1375 eorfi

2031 1398 2126 1436 dixit
2146 1398 2201 1436 eis
2217 1419 2227 1429 ·
2271 1398 2403 1438 Omne

2031 1472 2195 1512 regnum
2214 1462 2254 1500 in
2274 1474 2316 1501 se
2335 1463 2423 1513 ipsi-1

2032 1523 2200 1562 diuisum
2219 1525 2352 1564 desola

2032 1593 2094 1625 tur
2132 1587 2183 1626 Et
2203 1587 2344 1626 domus
2363 1600 2409 1626 su

2033 1661 2102 1700 pra
2123 1650 2287 1689 domum
2306 1651 2420 1690 cadet

2034 1822 2063 1845 ¹⁸
2075 1823 2115 1862 Si
2130 1829 2260 1862 autem
2275 1828 2313 1862 et
2328 1827 2483 1862 satanas

2035 1892 2198 1925 satanan
2217 1886 2305 1924 eicit
2362 1886 2402 1923 in

2034 1949 2074 1987 in
2094 1948 2346 1999 semetipsum
2366 1948 2404 1986 di

2033 2011 2141 2050 uisus
2160 2018 2219 2050 est
2269 2023 2419 2062 quomo

2033 2074 2086 2113 do
2106 2074 2221 2113 stabit
2239 2086 2405 2124 regnum

2032 2138 2114 2176 eius
2169 2137 2260 2188 quia
2280 2137 2404 2176 dicitis

2031 2204 2127 2251 qum
2147 2200 2187 2238 in
2206 2199 2405 2238 beelzebul

2029 2262 2246 2312 principem
2266 2262 2408 2301 daemo

2029 2325 2182 2363 niorum
2204 2325 2301 2363 eicio
2320 2324 2393 2364 dae

2030 2388 2162 2426 monia
2177 2408 2186 2417 ·
2229 2386 2258 2408 ²⁹
2270 2388 2377 2438 quod
2397 2388 2429 2427 si

2030 2462 2106 2501 ego
2125 2451 2166 2488 in
2188 2451 2387 2489 beelzebul

2031 2513 2130 2552 eicio
2150 2512 2358 2552 daemonia

2030 2575 2097 2614 filii
2115 2576 2231 2615 uestri
2251 2577 2291 2614 in
2310 2588 2391 2627 quo

2030 2639 2200 2677 eiciunt·
2240 2639 2330 2678 ideo
2350 2639 2390 2689 ip

2032 2702 2063 2739 si
2082 2701 2229 2740 iudices
2248 2708 2361 2740 erunt

2030 2764 2148 2803 uestri
2173 2785 2213 2794 ·-
2239 2764 2269 2786 ²⁰
2283 2763 2360 2802 Sed
2382 2764 2412 2803 si

2030 2828 2070 2866 in
2091 2827 2213 2877 digito
2234 2826 2272 2865 di
2292 2839 2367 2877 ego
2387 2826 2458 2865 eici

2031 2901 2056 2928 o
2077 2889 2284 2928 daemonia
2302 2890 2401 2940 utiqs

2030 2953 2230 3003 praeuenit
2246 2952 2285 2990 in
2304 2964 2377 2990 uos

2031 3027 2195 3065 regnum
2211 3015 2251 3053 di
2264 3036 2272 3045 ·
2288 3035 2297 3045 ·
2312 3036 2320 3045 ·
2355 3012 2383 3035 ²¹
2397 3014 2499 3054 Cum

2031 3077 2139 3116 fortis
2159 3084 2329 3116 armatus

1528 3136 1616 3182 spm
1624 3137 1704 3171 scm
1712 3133 1931 3183 petentibus
1938 3145 1978 3171 se
1986 3140 2207 3179 N,tcust0dit
2229 3140 2325 3178 atriti
2345 3143 2416 3178 sui-1

1689 3212 1904 3229 mm

2517 347 2600 379 1¹01.
2615 347 2700 380 113.
