2872 3268
307 207 387 240 XII.
406 203 550 248 22-48.]
1183 198 1418 238 LUCAN-

2262 209 2317 254 93

107 314 190 345 ποι.
202 313 282 346 123.
2334 298 2415 348 Εὀι.
2432 316 2513 349 124.

1848 316 1931 354 eius
1951 316 2123 354 inueniet

1848 378 1900 415 ita
1919 377 2128 416 facientem
2145 399 2154 408 ·

1847 439 1987 479 ⁴¹⁴Uere
2001 440 2091 479 dico
2103 441 2214 480 uobis
2227 441 2319 493 quia

1345 315 1588 354 discumbere
1611 321 1649 353 et

1344 378 1501 417 transiet
1519 384 1557 416 et
1577 378 1692 417 minis

1345 441 1459 479 trabit
1477 441 1550 480 illis
1571 462 1580 471 ·
1612 441 1693 479 ³⁸Et
1712 442 1744 480 si

1345 504 1495 542 uenerit
1510 516 1631 542 secun

310 314 458 353 ducetis
471 335 480 345 ·
525 326 654 365 neque

309 378 463 428 corpori
483 377 576 428 quid
597 389 666 415 ues

309 440 458 478 tiamini
472 461 481 470 ·
511 439 539 461 ²³
552 439 702 478 Anima

308 502 395 553 plus
414 509 473 541 est
491 515 610 553 quam
629 515 671 541 es

807 321 944 364 gentes
964 315 1080 354 huius
1099 315 1206 354 modi

808 385 976 428 querunt
992 399 1000 408 ·
1050 379 1123 417 scit
1142 391 1192 416 au

807 446 887 478 tem
906 447 1013 491 pater
1026 447 1153 479 uester

308 577 356 609 ca
372 585 381 595 ·
429 572 468 603 et
487 577 630 615 corpus
650 571 761 616 qua-

309 627 584 665 uestimentum
605 648 614 657 ·

307 687 338 710 ²⁴
350 688 602 728 Considerate
623 701 692 728 cor

309 764 384 791 uos
400 773 409 782 ·
459 752 551 803 quia
570 765 652 791 non
672 765 713 791 se

311 815 462 853 minant
475 836 484 845 ·
528 828 655 866 neque

311 884 462 916 metunt
490 878 632 928 quibus

310 952 394 979 non
413 948 471 979 est
495 941 693 979 cellarium
708 961 717 971 ·

311 1015 439 1053 neque
459 1003 639 1041 horreum
660 1024 669 1033 ·

312 1072 350 1104 et
370 1066 415 1103 ds
435 1066 561 1115 pascit
576 1066 663 1104 illos
681 1086 689 1095 -

312 1133 460 1179 quanto
481 1128 607 1178 magis
626 1139 699 1166 uos

311 1191 443 1241 plures
461 1191 553 1229 estis
571 1191 635 1229 aui

313 1254 386 1292 bus
402 1274 411 1284 ·
440 1252 470 1274 ²⁵
483 1253 583 1301 Quis
596 1257 684 1292 aute

311 1323 486 1354 uestrum
501 1316 658 1366 cogitan

314 1379 366 1417 do
387 1385 517 1429 potest
536 1379 688 1418 adicere

313 1442 364 1480 ad
385 1442 521 1480 statum
542 1454 656 1480 suum
676 1455 725 1481 cu

313 1504 440 1542 bitum
460 1517 582 1542 unum
599 1526 607 1534 ·
627 1526 634 1534 ·
670 1503 697 1526 ²⁶
711 1505 754 1543 Si

313 1579 408 1616 ergo
429 1579 502 1605 nec
522 1568 629 1618 quod
649 1575 709 1607 est

312 1629 518 1667 minimum
544 1637 674 1680 potest

313 1716 362 1755 de
382 1717 517 1756 ceteris
537 1718 631 1768 quid
653 1718 711 1757 sol

313 1779 406 1817 liciti
425 1779 517 1818 estis
531 1800 540 1810 ·
570 1778 600 1801 ²⁷
612 1780 735 1819 Consi

314 1842 446 1896 derate
466 1842 543 1880 lilia
563 1855 711 1893 quomo

313 1904 366 1943 do
387 1912 567 1943 crescunt
581 1926 590 1935 ·
638 1918 720 1944 non

311 1967 491 2005 laborant
510 1980 638 2019 neque

313 2036 434 2068 neunt
447 2052 456 2060 ·
475 2052 483 2060 ·
502 2052 511 2060 ·
542 2030 644 2070 Dico
663 2035 752 2070 aute

312 2093 427 2131 uobis
447 2097 542 2144 qfim
562 2105 635 2132 nec
657 2094 742 2133 solo

312 2167 409 2193 mon
428 2156 468 2193 in
487 2157 596 2194 omni
615 2157 739 2206 gloria

311 2217 548 2256 uestiebatur
581 2219 679 2258 sicut

312 2292 436 2318 unum
455 2293 503 2319 ex
523 2281 604 2319 istis
621 2303 630 2312 ·

313 2343 341 2365 ²⁸
353 2344 436 2381 Aut
455 2343 584 2382 uidete
605 2344 740 2383 fenum

312 2406 514 2456 quomodo
534 2406 651 2446 hodie

313 2467 354 2505 in
374 2479 470 2518 agro
489 2475 548 2507 est
566 2476 604 2507 et
623 2481 708 2508 cras

314 2530 354 2567 in
374 2530 572 2569 clibanum
590 2532 689 2570 mitti

313 2598 374 2630 tur
392 2592 438 2631 d's
458 2593 512 2631 sic
533 2594 647 2632 uestit

314 2661 462 2705 quanto
482 2656 607 2706 magis
624 2668 697 2695 uos

313 2717 475 2768 pusillae
494 2718 605 2756 fidei·

313 2779 342 2801 ²⁹
349 2779 401 2818 Et
415 2792 490 2818 uos
503 2781 622 2820 nolite
637 2793 779 2831 quaere

314 2855 355 2880 re
375 2843 469 2893 quid
489 2843 681 2882 manduce

313 2905 361 2943 tis
407 2912 472 2943 aut
491 2905 584 2956 quid
603 2906 694 2944 biba

314 2967 363 3006 tis
379 2987 388 2998 ·
437 2967 555 3005 nolite
575 2968 695 3007 sollici

315 3030 342 3067 ti
366 3042 452 3069 esse
494 3029 626 3069 ³⁰haec
648 3031 754 3070 enim

808 507 903 553 qum
923 503 982 541 his
1006 503 1185 553 indigetis
1199 525 1207 534 ·
1225 525 1233 534 ·

808 565 835 586 ⁸¹
849 564 1132 604 Uerumtamen
1152 579 1229 618 que

809 628 879 666 rite
900 641 1065 678 regnum
1086 629 1125 667 di

809 698 848 729 et
866 691 962 730 haec
982 692 1114 731 omnia
1132 692 1196 730 adi

810 754 959 792 cientur
977 755 1091 793 uobis
1108 775 1116 784 ·
1130 778 1184 784 —

810 815 1003 858 †⁸²Nolite
1018 817 1152 855 timere
1165 817 1266 867 pusi}

810 878 870 917 lus
890 892 986 929 grex
1034 880 1127 930 quia
1147 892 1223 919 con

811 942 956 993 placuit
975 943 1072 993 patri
1087 955 1155 981 ues

812 1011 871 1044 tro
891 1005 982 1043 dare
1002 1006 1116 1044 uobis
1137 1018 1205 1056 reg

811 1079 906 1105 num
921 1088 930 1097 ·
960 1067 988 1089 ³⁸
1002 1067 1168 1106 Uendite

812 1142 913 1181 quae
934 1130 1140 1180 possidetis
1162 1152 1170 1160 ·
1201 1137 1238 1169 et

812 1193 899 1231 date
921 1194 1210 1244 aelemosynam
1227 1214 1236 1224 ·

812 1255 944 1294 Facite
963 1256 1076 1294 uobis
1096 1268 1213 1294 saceu

811 1318 872 1356 los
891 1318 958 1369 qui
981 1330 1063 1356 non
1082 1326 1171 1357 uete

812 1387 987 1419 rescant·
1033 1381 1171 1420 Thens

814 1455 951 1481 aurum
971 1456 1053 1482 non
1073 1444 1184 1483 defici

813 1513 944 1544 entem
964 1506 1004 1544 in
1024 1507 1140 1545 caelis

813 1581 892 1619 quo
913 1569 973 1606 fur
992 1582 1074 1607 non
1094 1569 1217 1620 adpro

813 1632 895 1682 piat
917 1644 1044 1683 neque
1065 1633 1168 1671 tinea

815 1720 1060 1770 conrumpit·
1104 1720 1132 1740 ⁸⁴
1145 1733 1236 1759 nam

815 1782 881 1820 ubi
901 1782 1133 1822 thensaurus

814 1852 943 1883 uester
962 1853 1021 1884 est
1062 1846 1154 1884 ibiet

815 1920 884 1946 cor
902 1915 1075 1946 uestrum
1094 1909 1164 1947 erit
1178 1930 1187 1939 ·
1205 1931 1213 1940 ·

814 1970 844 1991 ³⁶
857 1970 942 2009 Sint
962 1978 1092 2009 autem
1112 1971 1234 2011 lumbi

813 2033 930 2071 uestri
949 2034 1161 2083 praecincti

814 2103 853 2134 et
868 2096 1043 2134 lucernae
1065 2097 1185 2135 arden

815 2165 874 2197 tes
889 2179 898 2188 ·
942 2159 970 2180 ⁸⁶
986 2166 1024 2197 et
1042 2171 1116 2198 uos
1137 2160 1224 2199 simi

814 2221 870 2260 les
890 2220 1114 2260 hominibus
1131 2242 1140 2252 ·

815 2291 1067 2334 expectantes
1087 2284 1182 2323 dnm

816 2358 931 2385 suum
977 2347 1137 2398 quando
1156 2360 1198 2386 re

813 2415 982 2448 uertatur
1001 2409 1050 2447 ad
1070 2422 1151 2459 nup

813 2471 875 2509 tiis
889 2492 897 2502 ·
946 2478 988 2509 ut
1008 2484 1098 2510 cum
1116 2485 1217 2511 uene

813 2534 861 2571 rit
880 2539 918 2571 et
937 2534 1146 2583 pulsauerit

814 2596 1020 2634 confestim
1040 2597 1145 2646 aperi

815 2665 882 2696 ant
901 2658 937 2696 ei
954 2679 963 2688 ·
993 2658 1023 2680 ³⁷
1035 2658 1145 2696 Beati
1167 2672 1226 2698 ser

814 2720 854 2758 ui
874 2720 949 2757 illi·
997 2732 1097 2770 quos
1116 2734 1208 2760 cum

814 2783 965 2821 uenerit
984 2783 1057 2821 dr'1s
1077 2783 1118 2821 in

814 2844 945 2883 ueniet
963 2845 1167 2895 uigilantes
1184 2865 1194 2874 ·

815 2907 944 2945 Amen
964 2907 1053 2945 dico
1073 2907 1188 2946 uobis
1201 2929 1209 2938 ·

814 2969 922 3020 quod
941 2970 1140 3020 precinget

817 3044 858 3071 se
875 3052 884 3061 ·
934 3038 971 3071 et
990 3032 1138 3071 iubebit
1163 3032 1248 3071 illos

1347 566 1398 605 da
1417 566 1550 616 uigilia
1590 572 1628 604 et
1648 566 1680 605 si

1346 629 1455 667 tertia
1474 629 1605 679 uigilia
1623 640 1673 667 ue

1347 692 1445 730 nerit
1464 698 1502 730 et
1521 692 1574 730 ita
1592 692 1683 730 inue

1346 754 1444 792 nerit
1483 755 1585 793 beati
1605 761 1693 793 sunt

1348 817 1448 854 serui
1468 817 1520 854 illi
1567 822 1663 868 qfim

1347 879 1493 917 iubebit
1512 880 1598 918 illos
1619 880 1677 918 dis

1347 943 1530 981 cumbere
1576 949 1614 981 et
1632 950 1714 982 tran

1348 1005 1418 1044 siet
1437 1011 1474 1043 et
1493 1005 1668 1044 ministra

1348 1068 1404 1106 bit
1428 1068 1500 1107 illis
1515 1090 1523 1098 ·
1539 1090 1548 1098 ·
1567 1089 1576 1098 ·
1596 1068 1625 1090 ³⁹
1637 1068 1732 1107 illud

1347 1137 1478 1168 autem
1493 1131 1628 1169 scitote
1642 1152 1651 1161 ·

1349 1193 1439 1242 quia
1459 1193 1490 1231 si
1510 1194 1623 1232 sciret
1643 1206 1694 1244 pa

1348 1255 1571 1295 terfamilias

1349 1329 1427 1368 qua
1446 1318 1543 1356 hora
1562 1317 1622 1356 fur
1641 1330 1690 1356 ue

1349 1381 1405 1418 nit
1424 1381 1599 1430 uigilaret
1618 1381 1673 1418 uti

1350 1456 1426 1494 que
1446 1450 1484 1482 et
1502 1456 1584 1481 non
1605 1444 1690 1482 sine

1350 1513 1406 1544 ret
1425 1505 1574 1556 perfodi
1590 1506 1642 1544 do

1350 1732 1458 1758 mum
1478 1732 1588 1758 suam
1605 1741 1614 1750 ·
1644 1719 1731 1758 ⁴⁰Et
1743 1733 1816 1759 uos

1349 1788 1472 1820 estote
1492 1783 1615 1832 parati

1350 1856 1427 1895 qua
1447 1844 1542 1883 hora
1562 1857 1643 1883 non
1662 1858 1716 1895 pu

1351 1907 1438 1945 tatis
1481 1907 1580 1945 filius
1600 1908 1708 1946 homi

1350 1970 1411 2007 nis
1429 1977 1616 2008 uenturus
1639 1977 1698 2009 est

1349 2032 1378 2053 ⁴¹
1391 2031 1500 2069 Dixit
1518 2039 1649 2071 autem
1668 2032 1719 2070 illi
1739 2045 1788 2083 pe

1350 2100 1428 2132 trus
1449 2094 1525 2133 dne
1545 2095 1595 2133 ad
1616 2107 1690 2133 nos

1352 2156 1449 2195 dieis
1462 2156 1562 2195 hanc
1582 2158 1696 2196 simili

1352 2219 1528 2258 tudinem
1575 2232 1626 2258 an
1645 2220 1696 2258 ad

1352 2293 1489 2321 omnes
1503 2303 1511 2312 ·
1541 2281 1570 2303 ⁴²
1582 2283 1690 2320 Dixit

1352 2351 1481 2383 autem
1502 2345 1574 2384 dfis
1590 2366 1599 2376 ·
1648 2346 1735 2397 quis

1351 2415 1410 2447 est
1426 2408 1548 2447 fidelis
1569 2408 1708 2458 dispen

1351 2478 1457 2509 sator
1476 2477 1514 2509 et
1535 2472 1707 2521 prudens
1723 2491 1732 2501 ·

1350 2546 1468 2584 quem
1487 2534 1683 2572 constituit

1350 2595 1423 2634 dr‘is
1444 2608 1559 2645 super
1578 2595 1671 2633 fami

1349 2658 1440 2696 liam
1460 2670 1570 2696 suam
1589 2665 1630 2697 ut
1646 2658 1709 2696 det

1350 2721 1423 2758 illis
1442 2721 1482 2758 in
1502 2728 1676 2770 tempore

1350 2783 1461 2821 tritici
1481 2787 1662 2821 mensura

1350 2846 1378 2867 ⁴³
1392 2846 1528 2884 beatus
1549 2857 1684 2884 seruus
1704 2845 1729 2884 il

1350 2907 1385 2947 le
1404 2920 1523 2959 quem
1542 2908 1675 2948 uenies
1695 2908 1768 2948 dfis

1849 515 1966 553 super
1986 504 2119 542 omnia
2138 505 2190 542 bo

1849 578 1900 603 na
1921 578 1990 604 sua
2010 567 2218 605 constituet

1849 628 1958 666 illum
1971 649 1980 658 ·
1997 649 2006 659 ·
2023 650 2033 659 ·
2063 629 2093 650 ⁴⁶
2107 629 2215 680 quod
2235 630 2267 668 si

1844 691 1988 730 'dixerit
2007 702 2141 730 seruus

1849 754 1911 792 ille
1931 754 1971 791 in
1991 754 2111 793 corde
2136 767 2208 793 suo

1850 816 1984 855 dicens
2002 838 2011 847 ·
2059 829 2210 856 moram

1849 878 1941 917 facit
1956 880 2027 918 dfis
2043 892 2154 918 meus

1850 942 1985 980 uenire
2002 963 2011 972 ·
2054 943 2106 980 Et
2126 954 2250 993 coepe

1849 1005 1897 1043 rit
1916 1011 2116 1054 percutere

1850 1079 1993 1118 pueros
2012 1074 2051 1106 et
2069 1068 2171 1106 ancil

1851 1130 1907 1167 las
1923 1150 1932 1160 ·
1980 1136 2018 1168 et
2037 1130 2151 1169 edere
2171 1137 2209 1169 et

1851 1192 1982 1230 bibere
2002 1198 2040 1231 et
2059 1193 2182 1231 inebri

1851 1255 1929 1293 ari·
1959 1255 1988 1276 4⁶
2000 1256 2129 1294 ueniet
2149 1255 2222 1294 dfis

1853 1317 1953 1356 serui
1973 1317 2071 1356 illius
2114 1319 2154 1356 in
2174 1319 2236 1357 die

1852 1392 1930 1430 qua
1950 1393 2030 1419 non
2049 1387 2176 1430 sperat
2189 1402 2198 1411 ·

1851 1450 1890 1480 et
1908 1442 2004 1481 hora
2024 1456 2102 1494 qua
2122 1444 2246 1483 nescit

1851 1505 1887 1543 ei
1902 1505 2046 1544 diuidet
2065 1518 2156 1545 eum

1850 1725 2076 1770 partemque
2095 1719 2177 1757 eius

1851 1794 1942 1820 curn
1961 1782 2180 1820 infidelibus

1851 1844 1964 1894 ponit
1984 1865 1991 1873 ·
2011 1865 2019 1873 ·
2038 1864 2047 1874 ·
2077 1844 2107 1865 ⁴⁷
2119 1844 2180 1882 ille
2199 1847 2287 1883 aute

1851 1918 1984 1945 seruus
2004 1906 2070 1957 qui
2090 1919 2168 1957 cog

1851 1969 1961 2008 nouit
1981 1970 2047 2007 dni
2067 1969 2126 2007 sui
2145 1982 2197 2008 uo

1850 2032 2037 2070 luntatem
2056 2038 2094 2070 et
2113 2044 2195 2071 non

1852 2094 2021 2144 paruerit
2041 2095 2090 2132 ad
2109 2106 2161 2133 uo

1852 2157 2038 2195 luntatem
2057 2157 2157 2195 illius
2170 2177 2180 2187 ·

1852 2220 2052 2270 uapulauit
2071 2219 2195 2258 multu

1852 2281 1881 2303 *Β
1895 2282 1975 2330 Qui
1987 2290 2117 2320 autem
2132 2294 2213 2321 non
2225 2294 2302 2332 cog

1853 2345 2004 2383 nouerit
2023 2351 2061 2383 et
2080 2344 2160 2383 fece

1851 2407 1899 2446 rit
1919 2407 2036 2456 digna
2054 2406 2180 2457 plagis

1851 2470 2050 2520 uapulabit
2068 2470 2203 2519 paucis

1851 2533 1984 2571 omnia
1999 2538 2127 2570 autem
2146 2532 2210 2571 cui

1851 2595 2015 2632 multum
2034 2595 2169 2633 datum

1851 2657 1963 2695 fuerit
2009 2657 2132 2696 multfi

1851 2726 2055 2771 quaeretur
2073 2721 2123 2759 ab
2142 2719 2207 2758 illo

1851 2789 1890 2821 et
1904 2783 1968 2821 cui
1987 2782 2230 2821 comendaue

1850 2845 1926 2883 rint
1962 2845 2127 2884 multum
2142 2866 2151 2875 ·

1850 2907 1937 2958 plus
1956 2915 2088 2959 petent
2107 2912 2157 2951 ab
2176 2923 2225 2950 eo
2240 2930 2247 2940 ·
2262 2928 2316 2936 -

1979 2994 2271 3010 —-—.—
