2872 3268
315 204 346 236 Ι.
366 204 477 238 21-11.
497 201 543 246 75
1191 203 1437 245 MARCU.
2238 217 2255 246 Ι
2270 218 2322 264 ¹3

119 333 202 366 ποι.
215 333 299 366 156.
314 323 355 363 in
375 336 615 376 synagogam
636 322 689 362 do
821 321 924 361 Cum
944 322 1084 361 iacobo
1100 327 1138 361 et
1359 321 1451 372 quia
1470 332 1609 360 omnes
1629 332 1727 371 quae
1860 319 2066 359 Manifeste
2085 320 2125 358 in
2145 322 2218 359 ciui
2341 333 2518 366 F01.157.

315 389 428 427 cebat
447 388 533 426 illos
589 385 619 409 ²²
631 392 669 425 et
688 390 749 424 stu
820 384 990 423 iohanne
1005 405 1013 414 ·
1070 383 1100 405 ⁸⁰
1111 384 1194 423 iace
1357 390 1447 422 runt
1465 390 1503 422 te
1520 404 1528 414 ·
1547 405 1555 414 -
1585 383 1613 405 33
1626 389 1663 422 et
1683 383 1734 421 ait
1753 382 1778 421 il
1857 388 1976 421 tatem
1994 383 2148 422 introire
2164 404 2173 413 ·

314 450 461 500 pebant
481 461 597 500 super
616 448 692 487 doc

312 513 453 550 trinam
471 513 553 550 eius
567 533 623 540 —

312 574 407 612 Erat
426 574 530 613 enim
550 573 697 613 docens

314 637 412 675 sicut
431 642 663 687 potestatem

314 697 465 737 habens
521 705 559 737 et
578 710 658 737 non
679 698 711 736 si

314 767 381 800 cut
400 762 548 800 scribae
563 782 594 791 ··
614 782 621 791 -
661 758 689 781 ²³
704 760 756 799 Et

313 830 395 862 erat
413 824 452 861 in
473 835 674 874 synagoga

314 897 450 925 eorum
468 886 588 924 homo

314 949 381 998 qui
399 949 566 987 habebat
585 952 674 998 spm

312 1010 547 1049 inmundum
602 1011 654 1048 Et

315 1073 496 1112 clamauit
551 1072 580 1094 ²⁴
593 1073 726 1113 dicens
739 1093 749 1104 ·

314 1136 407 1187 quid
425 1136 539 1174 nobis
559 1142 597 1175 et
615 1136 682 1175 tibi

313 1199 380 1237 ihu
399 1210 616 1237 nazorenae

313 1261 452 1300 uenisti
470 1261 629 1311 perdere

313 1336 386 1362 nos
403 1344 412 1354 -
453 1323 534 1362 scio
554 1329 591 1362 te
611 1324 677 1375 qui
696 1336 738 1363 es

313 1390 377 1424 scs
395 1386 435 1424 di
447 1406 457 1416 ·
512 1384 541 1407 ²⁵
555 1392 592 1424 et
610 1387 715 1438 impe

313 1449 410 1487 rauit
429 1449 481 1487 illi
499 1448 558 1487 ihs
581 1448 619 1487 di

313 1522 408 1550 cens
462 1512 686 1551 obmutesce

313 1579 352 1612 et
369 1574 432 1613 exi
451 1575 499 1612 de
518 1574 675 1613 homine

314 1665 382 1712 sps
404 1662 593 1701 inmunde
610 1683 619 1692 ·

315 1725 345 1747 ²⁶
356 1731 394 1763 et
413 1725 612 1764 concussit
631 1724 698 1763 illfi

316 1791 384 1838 sps
398 1787 607 1826 inmundus
620 1808 630 1818 ο

315 1856 354 1901 et
372 1849 545 1889 clamans
563 1862 661 1889 uoce

315 1924 461 1962 magna
482 1912 599 1950 exiuit
619 1913 668 1950 ab
687 1923 735 1950 eo

314 1973 345 1996 ²⁷
357 1974 598 2013 Mirabantur
616 1977 705 2012 aute

315 2049 453 2076 omnes
472 2043 510 2075 et
529 2037 672 2087 conqui

315 2100 451 2138 rebant
470 2111 568 2150 quae
589 2105 690 2138 esset

316 2161 491 2200 doctrina
510 2162 582 2200 ista
601 2174 653 2200 no

314 2235 366 2262 ua
382 2245 390 2254 ·
422 2236 512 2262 cum
531 2229 720 2274 potestate
738 2244 747 2254 ·

314 2293 353 2325 et
372 2287 462 2337 quia
481 2287 675 2337 spiritibus

316 2348 513 2387 inmundis
536 2349 639 2399 impe

317 2417 376 2449 rat
395 2417 433 2450 et
452 2411 666 2450 obaudiunt

316 2474 352 2511 ei
369 2494 377 2504 ·
393 2494 401 2504 ·
435 2471 463 2494 ²⁸
479 2474 530 2511 Et
549 2474 640 2512 exiit
659 2485 705 2511 ru

315 2547 403 2573 mor
420 2535 483 2574 hic
501 2536 644 2586 ubique

319 2597 424 2636 circa
442 2598 622 2647 regiones
641 2609 692 2647 ga

317 2659 427 2698 lileae
443 2680 453 2690 -
510 2658 538 2681 ²⁹
550 2671 726 2708 egressus

318 2727 447 2760 autem
468 2721 654 2761 continuo

318 2784 368 2822 de
388 2796 590 2834 synagoga
610 2796 658 2822 ue

315 2846 373 2884 nit
392 2846 432 2884 in
451 2845 613 2884 domum

316 2901 478 2947 simonis
497 2914 534 2947 et
552 2907 718 2947 andreae

819 447 887 485 bat
906 453 1036 485 autem
1056 459 1101 486 so

819 522 908 549 crus
928 510 1086 548 simonis
1105 508 1141 548 fe

818 571 1000 611 bricitans
1055 578 1093 610 et
1113 570 1151 609 di

819 641 913 673 cunt
932 635 966 673 ei
987 634 1035 672 de
1054 633 1116 672 illa
1129 654 1138 663 ·
1153 654 1162 664 ·

818 696 846 717 ⁸1
861 696 930 735 Ille
949 702 1079 735 autem
1097 695 1203 735 uenit

818 765 856 797 et
875 759 1091 798 extendens

817 833 977 859 manum
1004 820 1124 871 adpre

817 882 950 922 hendit
969 895 1057 922 eam
1076 889 1114 921 et
1131 882 1167 921 16

816 946 923 984 uauit
938 966 947 976 ·
990 951 1028 984 et
1047 945 1141 983 dimi

818 1009 866 1046 sit
885 1008 990 1046 illam
1010 1008 1139 1046 statim

817 1071 935 1110 febris
961 1076 999 1109 et
1021 1070 1124 1108 mnis

818 1135 941 1172 trabat
959 1133 1030 1171 iuis
1044 1153 1052 1163 ·
1068 1154 1124 1159 ——

817 1194 846 1217 ⁸²
858 1196 959 1235 Cum
978 1201 1107 1234 autem
1127 1194 1186 1233 sol

818 1259 1025 1298 occidisset
1045 1258 1122 1296 fere

818 1323 912 1360 bant
931 1321 981 1360 ad
1001 1333 1092 1359 eum
1110 1332 1177 1358 om

818 1396 888 1424 nes
908 1383 1008 1422 male
1027 1383 1155 1421 haben

818 1453 876 1485 tes
895 1446 1010 1484 uariis
1029 1446 1095 1484 lan

817 1509 1004 1559 guoribus
1020 1529 1029 1538 ·
1072 1513 1110 1546 et

818 1578 857 1611 et
875 1583 942 1611 eos
962 1571 1028 1622 qui
1048 1570 1163 1609 demo

819 1659 884 1698 nia
902 1659 1098 1697 habebant
1111 1679 1119 1688 ·
1138 1678 1147 1688 ·

818 1721 847 1743 33
859 1721 910 1760 Et
929 1727 1010 1760 erat
1029 1719 1159 1759 omnis
1179 1719 1254 1758 ciui

819 1790 877 1823 tas
897 1783 1138 1822 conueniens

820 1846 869 1885 ad
889 1847 1046 1885 ianuam
1065 1846 1146 1885 eius
1168 1864 1177 1874 ·

819 1908 848 1929 ³⁴
860 1915 898 1947 et
918 1910 1064 1947 curauit
1083 1907 1226 1946 multos

819 1971 921 2009 male
941 1971 1128 2010 habentes
1145 1992 1153 2002 ·

819 2034 932 2072 uariis
952 2034 1129 2084 languori

818 2097 892 2134 bus
913 2102 950 2135 et
970 2097 1147 2136 demonia

818 2159 939 2197 multa
958 2160 1120 2197 eiciebat
1136 2180 1145 2190 ·

819 2227 856 2259 et
877 2234 957 2260 non
978 2222 1128 2260 sinebat
1147 2229 1226 2261 ea·-

817 2282 925 2333 loqui
945 2284 1130 2334 quoniam

819 2346 994 2384 sciebant
1013 2359 1124 2384 eum·
1144 2368 1152 2377 ·

819 2407 849 2429 ³⁵
861 2408 912 2446 Et
931 2408 1098 2448 diluculo
1118 2416 1230 2448 exssur

821 2483 920 2521 gens
940 2472 1032 2509 abiit
1052 2473 1092 2510 in
1111 2472 1160 2511 de

822 2539 965 2572 sertum
984 2534 1116 2572 locum

820 2596 950 2646 ibique
970 2597 1105 2634 orabat

821 2657 849 2679 33
860 2658 910 2696 Et
930 2656 1129 2697 consecuti
1149 2664 1238 2698 sunt

820 2732 911 2758 eum
931 2720 1059 2758 simon
1078 2726 1116 2758 et

820 2782 886 2832 qui
905 2794 995 2820 curn
1015 2794 1063 2820 eo
1083 2788 1190 2820 erant
1206 2802 1214 2811 ·

819 2844 848 2865 ³⁷
860 2844 912 2882 Et
931 2856 1021 2883 cum
1038 2844 1275 2883 inuenissent

818 2919 909 2946 eum
928 2906 1060 2947 dicunt
1079 2907 1114 2945 ei

1357 445 1402 484 lis
1421 458 1555 491 eamus
1574 447 1619 483 in-
1633 458 1732 496 prox

1356 508 1476 547 simos
1495 509 1604 547 uicos
1623 514 1660 546 et
1679 508 1715 546 ci

1355 571 1492 609 uitates
1512 571 1563 610 ad
1582 570 1693 621 predi

1355 633 1525 672 candum
1545 633 1594 671 ad
1613 633 1690 672 hoc

1355 696 1460 734 enim
1479 695 1568 734 ueni
1584 716 1593 726 ·

1355 758 1384 779 ³⁹
1395 757 1445 797 Et
1464 764 1544 797 erat
1563 758 1768 808 predicans

1354 821 1395 859 in
1414 821 1623 872 synagogis
1641 821 1718 871 gali

1354 882 1437 922 leae
1451 904 1460 913 ·
1502 884 1671 933 itemque
1691 882 1739 921 de

1355 945 1489 984 monia
1507 946 1704 996 expellens
1719 966 1728 976 ·

1355 1007 1385 1029 ⁴⁰
1396 1007 1447 1045 Et
1465 1009 1571 1047 uenit
1590 1008 1640 1047 ad
1659 1020 1750 1047 eum
1765 1008 1801 1047 le

1354 1083 1496 1122 prosus
1516 1071 1636 1122 depre

1355 1145 1449 1172 cans
1467 1146 1557 1172 eum
1581 1139 1618 1172 et
1638 1133 1738 1184 adge

1354 1196 1528 1234 niculans
1548 1208 1588 1234 se
1608 1196 1742 1235 dicens

1355 1258 1386 1297 si
1404 1259 1462 1296 uis
1482 1265 1594 1309 potes
1613 1271 1677 1297 me

1354 1321 1542 1360 mundare
1558 1342 1568 1351 ·
1625 1319 1654 1341 ⁴¹
1667 1321 1721 1359 mi

1354 1389 1477 1422 sertus
1497 1389 1626 1422 autem
1645 1384 1703 1422 ihs
1720 1404 1728 1414 ·

1354 1452 1391 1486 et
1410 1446 1625 1485 extendens
1643 1459 1709 1485 ma

1355 1521 1452 1548 num
1471 1521 1581 1547 suam
1601 1515 1638 1547 et
1657 1515 1724 1547 tan

1353 1583 1450 1621 gens
1469 1584 1559 1610 eum
1579 1571 1628 1611 ait
1647 1571 1698 1610 illi

1354 1659 1447 1698 uolo
1466 1660 1654 1698 mundare

1355 1719 1385 1743 ⁴²²
1396 1722 1446 1759 Et
1465 1734 1556 1760 cum
1576 1722 1719 1761 diceret

1356 1796 1450 1822 mox
1472 1785 1645 1823 discessit
1664 1785 1714 1823 ab

1357 1859 1406 1885 eo
1425 1846 1530 1898 lepra
1549 1853 1587 1885 et
1606 1859 1702 1884 mun

1357 1908 1468 1947 datus
1488 1915 1545 1947 est
1562 1930 1571 1939 ·
1610 1909 1639 1930 4³
1651 1909 1702 1947 Et
1721 1920 1812 1948 corn

1358 1972 1524 2010 minatus
1544 1978 1602 2010 est
1623 1972 1658 2010 ei
1677 1972 1737 2010 ihs

1358 2040 1396 2073 et
1416 2034 1541 2072 statim
1561 2034 1701 2072 dimisit

1357 2096 1464 2135 illum
1479 2117 1487 2127 ·
1531 2097 1561 2117 ‘²4
1574 2103 1611 2135 et
1631 2097 1722 2136 dicit
1741 2097 1776 2135 ei

1356 2159 1444 2197 uide
1464 2160 1610 2197 nemini
1630 2159 1696 2198 dix

1357 2222 1432 2260 eris
1448 2243 1456 2252 ·
1517 2221 1593 2259 Sed
1617 2222 1719 2261 uade

1357 2284 1519 2323 ostende
1538 2291 1574 2323 te
1595 2297 1701 2323 sacer

1358 2346 1439 2385 doti
1452 2368 1461 2377 ·
1519 2354 1557 2385 et
1577 2347 1717 2386 offeres

1358 2422 1430 2460 pro
1451 2409 1649 2448 emundati

1359 2484 1436 2510 one
1456 2479 1521 2510 tua
1537 2493 1546 2502 ·
1604 2484 1704 2522 quae

1359 2535 1556 2585 praecepit
1575 2546 1729 2585 moyses

1359 2598 1399 2635 in
1418 2597 1682 2636 testimonium

1358 2659 1431 2697 illis
1448 2680 1456 2689 ·
1475 2680 1483 2689 ·
1502 2680 1510 2690 ·
1540 2659 1570 2679 4⁵
1583 2659 1673 2710 Ipse
1693 2662 1779 2697 aute

1359 2733 1536 2771 egressus
1555 2721 1680 2771 coepit

1358 2783 1556 2833 predicare
1575 2789 1613 2821 et
1632 2782 1691 2820 dif

1357 2844 1502 2883 famare
1523 2848 1701 2884 sermone

1861 444 1939 484 Sed
1958 445 2049 484 foris
2068 446 2108 483 in
2124 445 2172 484 de

1859 508 1969 546 sertis
1988 507 2083 546 locis
2103 520 2188 547 esse

1857 569 1909 607 Et
1928 571 2217 609 conueniebant

1858 632 1908 670 ad
1927 644 2016 670 eum
2035 632 2204 683 undique

1858 699 1897 734 2.
1913 694 1983 733 ²Et
2002 695 2141 734 iterum
2159 696 2265 734 uenit

1858 769 2095 807 capernaum
2114 764 2204 808 post

1858 820 1940 859 dies
1990 819 2042 858 Et
2061 820 2151 858 audi

1857 888 1940 920 tum
1960 888 2017 921 est
2036 882 2143 932 quod

1857 945 1897 982 in
1916 944 2035 983 domo
2057 951 2157 983 esset
2172 966 2181 975 ·

1858 1007 1934 1045 2Et
1954 1007 2160 1046 confestim
2181 1020 2259 1047 con

1856 1075 2050 1109 uenerunt
2069 1070 2150 1107 mul

1857 1132 1910 1171 ti·
1954 1132 2005 1170 ita
2022 1138 2064 1170 ut
2083 1132 2161 1170 iam
2181 1144 2262 1171 non

1858 1201 2041 1244 caperent
2059 1207 2182 1245 usque

1860 1257 1910 1296 ad
1928 1258 2084 1295 ianuam
2097 1278 2106 1287 ·
2149 1257 2200 1295 Et
2219 1256 2259 1296 lo

1861 1321 2048 1370 quebatur
2067 1319 2117 1358 ad
2137 1331 2206 1358 eos

1861 1383 2023 1421 uerbum
2037 1404 2045 1412 ·
2075 1381 2089 1403 3
2101 1382 2152 1419 Et
2169 1393 2218 1419 ue

1821 1451 1961 1484 nerunt
1980 1445 2030 1483 ad
2048 1456 2138 1483 eum
2157 1444 2208 1482 ad

1857 1507 2022 1545 ferentes
2040 1519 2134 1557 para

1858 1570 2015 1621 lyticum
2047 1570 2112 1620 qui
2140 1581 2165 1607 a

1858 1663 2036 1708 quattuor
2056 1662 2168 1707 porta

1859 1720 1989 1758 batur·
2007 1739 2014 1749 ·
2045 1719 2122 1756 4Et
2141 1730 2231 1756 cum

1857 1794 1938 1820 non
1958 1782 2106 1832 possint
2126 1793 2219 1819 acce

1859 1844 1948 1882 dere
1969 1856 2062 1894 prae
2082 1844 2194 1881 turba

1859 1906 2102 1944 nudauerunt
2123 1911 2184 1944 tec

1858 1975 1942 2008 tum
2003 1968 2068 2006 ubi
2088 1974 2168 2006 erat
2187 1967 2246 2006 ihs
2263 1988 2272 1998 ·

1859 2038 1897 2070 et
1920 2030 2166 2069 dimisserunt

1860 2093 2086 2132 crabbatum
2104 2093 2144 2130 in
2164 2104 2242 2142 quo

1859 2164 2090 2214 paralyticus
2110 2163 2192 2201 iace

1860 2228 1927 2265 bat
1943 2247 1952 2256 ·
2010 2227 2023 2247 ⁵
2035 2238 2125 2264 cum
2144 2225 2243 2264 uidis

1862 2295 1920 2327 set
1939 2294 2069 2326 autem
2088 2288 2146 2326 ihs
2167 2288 2193 2326 fi

1862 2351 1953 2390 dem
1973 2351 2124 2389 illorum

1862 2414 1914 2452 ait
1933 2413 2143 2463 paralytico

1862 2476 1914 2514 fili
1933 2476 2092 2513 remissa
2113 2480 2202 2512 sunt

1861 2538 1928 2576 tibi
1947 2544 2107 2588 peccata
2127 2543 2192 2575 tua
2206 2558 2262 2564 -

1862 2600 2008 2638 ⁶Erant
2030 2606 2160 2638 autem
2179 2599 2245 2648 qui

1862 2663 1954 2701 dam
1974 2662 2021 2701 de
2041 2661 2174 2701 scribis

1862 2725 2039 2764 sedentes
2058 2730 2096 2763 et
2114 2724 2203 2775 cogi

1862 2795 1987 2827 tantes
2006 2788 2046 2825 in
2066 2787 2215 2826 cordib⁵

1863 2852 1941 2890 suis
1968 2851 1982 2872 ⁷
1998 2850 2091 2901 quid
2109 2850 2180 2887 iste

1358 2907 1416 2946 Ita
1435 2913 1475 2945 ut
1494 2907 1572 2946 iam
1591 2919 1672 2952 non
1692 2909 1816 2960 possit
1861 2913 2064 2953 blasfemat
2118 2912 2205 2963 quis

2078 2987 2103 3020 Q
