2872 3268
137 309 222 347 3'01.
235 311 299 343 95.

330 202 386 236 IV.
403 202 514 244 23—V.
531 200 580 244 8.]

329 308 486 348 Medice
506 314 651 347 curate
671 309 759 359 ipsu
773 329 782 338 ·

329 378 476 423 quanta
495 372 714 410 audiuimus

327 435 432 474 facta
450 435 490 473 in
506 446 742 485 capernaum
758 454 768 464 ι

327 497 389 536 fac
403 497 514 536 ethic
527 498 567 535 in
579 498 702 548 patria
709 504 773 535 tua
787 517 796 527 ·

327 560 469 598 2¹Dixit
475 560 669 598 autemihs
682 571 798 598 amen

330 622 420 661 dico
439 623 553 660 uobis
569 643 578 652 ·
619 622 727 673 quod
746 634 797 660 ne

329 696 397 723 mo
417 684 568 735 profeta
586 697 708 735 accep

330 753 392 786 tus
411 754 468 786 est
486 748 526 785 in
542 748 663 798 patria
683 759 753 786 sua

329 808 360 831 ²¹⁵
371 810 419 849 In
437 811 597 849 ueritate
617 810 705 849 dico
728 822 780 848 uo

331 873 391 911 bis
407 893 417 904 ·
460 873 603 911 multae
622 873 763 911 uiduae

330 935 486 974 fuerunt
504 935 544 972 in
564 935 700 973 diebus

329 997 454 1036 heliae
474 998 514 1035 in
533 997 581 1036 ist
596 1018 605 1028 ·
649 1010 753 1048 quan

330 1059 383 1099 do
403 1060 554 1098 clusum
574 1066 631 1098 est
650 1060 760 1098 caelu

331 1123 444 1161 annis
463 1123 585 1160 tribus
600 1129 639 1161 et

330 1185 531 1224 mensibus
551 1197 619 1223 sex
634 1206 642 1215 ·
659 1206 667 1216 ·
699 1185 759 1224 Cn

331 1248 434 1287 facta
454 1254 512 1286 est
531 1247 645 1287 famis
665 1255 754 1299 mag

330 1323 382 1349 na
402 1311 443 1349 in
461 1311 571 1349 omni
591 1317 690 1350 terra
706 1332 715 1341 ·

330 1374 359 1396 ²⁶
371 1373 422 1412 Et
437 1373 488 1411 ad
509 1373 656 1412 nullam
676 1374 785 1412 illari-1

331 1436 472 1474 missus
493 1442 550 1474 est
568 1436 688 1480 helias
704 1457 712 1466 ·

331 1498 406 1537 nisi
425 1505 579 1550 sarapta
598 1498 771 1538 sidoniae

332 1737 384 1777 ad
403 1738 601 1777 mulierem
620 1730 773 1778 uidua*
789 1760 797 1770 ·

332 1799 362 1822 ²⁷
374 1807 412 1839 et
431 1801 539 1839 multi
558 1801 699 1851 leprosi
719 1814 742 1840 e

323 1869 417 1901 ⁷rant
436 1864 476 1901 in
496 1863 543 1901 isi
562 1864 634 1902 sub
653 1864 748 1902 helis

332 1937 403 1964 seo
422 1925 574 1976 profeta
591 1947 600 1956 ·
640 1932 678 1964 et
697 1938 746 1965 ne

332 2000 400 2027 mo
420 2000 555 2027 eorum
574 1989 723 2027 munda

331 2057 394 2090 tus
413 2058 471 2090 est
487 2051 561 2089 nisi
582 2063 772 2090 neaeman

332 2126 442 2165 syrus
455 2135 464 2144 ·
481 2135 490 2144 ·
506 2134 515 2144 ·
545 2114 633 2152 2⁸Et
648 2114 781 2164 repleti

331 2183 422 2215 sunt
440 2189 578 2215 omnes
598 2178 638 2215 in
659 2189 754 2227 syna

331 2252 438 2290 goga
457 2239 513 2278 ira
527 2239 624 2278 haec
644 2240 735 2278 audi

333 2309 442 2341 entes
459 2323 468 2333 ·
511 2301 539 2324 ²⁹
554 2303 606 2341 Et
625 2315 782 2342 surrexe

331 2371 422 2404 runt
440 2372 478 2403 et
497 2366 692 2404 eiecerunt

333 2439 425 2466 eum
443 2435 553 2466 extra
572 2428 761 2466 ciuitate*-
775 2450 785 2459 ·

332 2488 384 2527 Et
403 2489 644 2528 deduxerunt
664 2491 772 2528 illum
789 2511 798 2521 ·

332 2563 456 2602 usque
476 2552 526 2590 ad
547 2553 727 2602 supercili

333 2614 436 2652 cium
456 2614 602 2652 montis
617 2635 626 2643 ·
648 2626 764 2665 super

333 2688 449 2727 quem
471 2676 607 2714 ciuitas
626 2681 722 2716 eorii

333 2745 415 2777 erat
434 2738 611 2776 edificata
624 2759 633 2768 ·
677 2745 718 2777 ut

332 2801 632 2851 praecipitarent
650 2809 743 2839 eu*-

331 2863 361 2884 ³⁰
376 2863 467 2914 Ipse
486 2869 615 2901 autem
635 2863 782 2903 transiit

330 2938 400 2976 per
419 2925 592 2964 medium
615 2925 725 2964 illorfi
744 2931 782 2964 et

678 2988 771 3028 abiit

1215 193 1448 236 LUCAN-

830 306 916 345 ³1Et
924 307 1169 346 descenditin
1181 319 1296 358 caper

832 383 951 409 naum
972 371 1166 409 ciuitatem

832 434 994 484 galileae
1040 434 1170 485 ibique
1190 433 1242 472 do

833 497 946 535 cebat
965 508 1033 535 eos
1053 496 1222 535 sabbatis
1237 517 1246 526 ·

833 558 862 580 ³²
872 566 909 597 et
929 561 1135 609 stupebant
1150 560 1189 597 in
1210 559 1286 598 doc

833 622 931 660 trina
950 622 1032 659 eius
1049 642 1057 652 ·
1102 622 1193 673 quia
1213 622 1254 660 in

834 691 1024 735 potestate
1043 692 1123 723 erat
1141 697 1210 723 uer

836 748 932 785 bum
945 748 1026 785 eius
1041 768 1049 777 ·
1079 747 1108 768 ³³
1120 748 1171 786 Et
1187 748 1227 786 in
1244 760 1287 799 sy

834 822 990 860 nagoga
1008 817 1088 848 erat
1106 810 1227 849 homo

835 872 983 911 habens
1004 874 1214 912 daemonii-1

835 935 1068 974 inmundum
1085 957 1094 966 ·
1135 937 1187 974 Et
1207 949 1255 975 ex

834 998 1018 1036 clamauit
1037 1010 1136 1037 uoce
1155 1011 1248 1049 mag

834 1073 886 1098 na
914 1060 1082 1099 ³⁴dicens
1096 1082 1104 1091 ·
1139 1062 1232 1112 quid
1247 1074 1301 1100 no

834 1123 894 1161 bis
915 1130 951 1162 et
971 1123 1038 1161 tibi
1059 1124 1123 1161 ihu
1145 1136 1245 1163 nazo

835 1198 974 1224 reneae
991 1207 999 1215 -
1041 1185 1193 1225 Uenisti
1208 1194 1273 1237 per

836 1248 926 1286 dere
944 1260 1017 1286 nos
1033 1269 1041 1278 ·
1086 1249 1175 1287 Scio
1196 1257 1234 1289 te

834 1311 900 1362 qui
912 1324 953 1349 es
967 1316 1028 1349 scs
1044 1312 1084 1350 di
1100 1333 1108 1342 -
1138 1312 1168 1333 ⁸⁵
1180 1314 1231 1351 Et
1244 1314 1286 1351 in

835 1375 1006 1424 crepauit
1025 1375 1131 1412 illum
1151 1375 1209 1414 ihs

835 1435 969 1475 dicens
1011 1437 1192 1476 obmutes

834 1511 880 1537 ce
899 1505 937 1537 et
961 1499 1023 1538 exi
1041 1501 1091 1538 ab
1110 1501 1175 1539 illo
1191 1522 1199 1531 ·
1219 1523 1275 1530 -

834 1729 981 1768 Etcum
989 1730 1298 1781 proiecissetillfi·

835 1793 1088 1831 daemonium
1108 1795 1201 1833 exiit
1221 1797 1270 1833 ab

835 1854 899 1892 illo
915 1855 1054 1906 nihilqs
1070 1856 1121 1894 illi
1136 1859 1268 1896 nocuit
1285 1880 1293 1888 ·

835 1917 914 1955 ³⁶Et
927 1917 1050 1956 factus
1062 1927 1119 1958 est
1127 1932 1250 1970 pauor
1257 1933 1300 1959 su

834 1992 904 2030 per
923 1993 1061 2019 omnes
1078 2003 1086 2012 ·
1115 1983 1166 2021 Et
1186 1984 1301 2023 conlo

834 2044 1051 2094 quebantur
1071 2046 1122 2084 ad
1140 2046 1220 2084 inui

834 2118 921 2144 cem
945 2107 1140 2146 dicentes·
1182 2110 1275 2160 quid

835 2174 892 2206 est
907 2168 982 2208 hoc
1002 2172 1165 2209 uerbum
1181 2193 1190 2202 ·

835 2231 941 2283 quod
961 2232 1000 2269 in
1019 2240 1209 2283 potestate

835 2301 874 2332 et
892 2295 1030 2334 uirtute
1051 2297 1215 2347 imperat

835 2357 1031 2396 inmundis
1052 2360 1220 2409 spiritibS

835 2426 874 2457 et
889 2428 1032 2459 exeunt
1046 2443 1054 2452 ·
1085 2422 1171 2461 ⁸⁷Et
1185 2424 1288 2462 diuul

833 2483 997 2531 gabatur
1015 2483 1120 2523 fama
1139 2486 1187 2525 de
1207 2487 1272 2526 illo

834 2544 874 2581 in
890 2557 1050 2583 omnem
1070 2547 1199 2586 locum
1218 2551 1300 2600 regi

834 2607 922 2644 onis
937 2628 946 2637 ·
962 2629 969 2637 ·
985 2608 1013 2629 ⁸⁸
1028 2609 1198 2659 Surgens
1211 2616 1299 2651 aute

835 2669 883 2707 de
904 2682 1106 2722 synagoga
1125 2673 1224 2713 intra

834 2732 890 2769 uit
903 2732 943 2770 in
963 2733 1125 2772 domum
1146 2736 1245 2776 simo

834 2795 894 2832 nis
911 2815 920 2824 ·
966 2795 1108 2835 Socrus
1127 2802 1215 2837 aute

834 2857 994 2896 simonis
1014 2861 1216 2900 tenebatur

833 2921 987 2971 magnis
1006 2921 1176 2963 febribus

1367 305 1420 345 Et
1438 313 1672 357 rogauerunt
1691 307 1791 346 illu-

1367 381 1439 420 pro
1459 381 1506 408 ea
1523 391 1531 400 ·
1561 370 1590 391 ⁸⁹
1601 370 1652 408 Et
1667 376 1772 409 stans
1788 383 1834 409 su

1368 445 1438 483 per
1457 432 1562 470 illam
1600 433 1750 483 impera

1367 495 1422 533 uit
1442 495 1538 534 febri
1583 503 1622 534 et
1641 496 1735 535 dimi

1370 558 1416 596 sit
1436 558 1540 596 illam
1553 580 1562 589 ·
1605 559 1656 597 Et
1675 560 1781 598 conti

1369 633 1449 659 nuo
1469 633 1629 671 surgens
1648 620 1763 661 minis

1369 684 1493 722 trabat
1512 684 1583 722 illis
1600 705 1609 714 ·
1638 684 1668 705 ⁴⁰
1681 685 1783 724 Cum

1371 747 1428 785 sol
1446 753 1578 785 autem
1596 749 1742 787 occidis

1371 815 1428 847 set
1444 830 1453 839 ·
1498 821 1637 848 omnes
1657 812 1723 862 qui
1742 811 1793 850 ha

1370 872 1515 910 bebant
1530 873 1704 912 infirmos
1718 895 1727 904 ·

1371 935 1487 972 uariis
1506 935 1755 986 languoribus

1372 997 1565 1035 ducebant
1584 998 1669 1036 illos
1688 999 1738 1038 ad
1757 1003 1805 1038 esi
1826 1021 1835 1031 ·

1372 1060 1424 1096 At
1444 1059 1504 1097 ille
1525 1060 1685 1111 singulis
1704 1075 1769 1101 ma

1371 1134 1466 1159 num
1486 1122 1681 1172 inponens
1703 1137 1746 1163 sa

1371 1185 1488 1223 nabat
1501 1197 1569 1224 eos
1586 1206 1594 1215 ·
1624 1186 1838 1228 ⁴¹exiebant

1371 1253 1502 1285 autem
1521 1254 1559 1286 et
1575 1248 1782 1290 daemonia

1372 1322 1395 1348 a
1414 1310 1543 1348 multis
1555 1331 1564 1340 ·
1607 1312 1818 1353 clamantes

1371 1379 1408 1411 et
1427 1373 1598 1412 dicentes
1619 1375 1708 1425 quia
1727 1382 1768 1414 tu

1371 1448 1413 1474 es
1428 1439 1501 1485 xps
1517 1436 1616 1475 filius
1633 1438 1671 1476 di
1687 1459 1696 1468 ·
1725 1439 1777 1478 Et
1796 1441 1836 1478 in

1372 1511 1535 1548 crepans
1555 1512 1634 1538 non
1655 1501 1737 1540 sine

1371 1561 1437 1599 bat
1456 1574 1521 1599 eas
1537 1562 1666 1614 loqui·
1708 1566 1800 1616 quia

1372 1624 1546 1663 sciebant
1563 1626 1692 1676 ips‘um
1712 1641 1797 1668 esse

1372 1716 1467 1762 xpm
1483 1733 1491 1743 ·
1520 1714 1549 1735 ⁴²
1561 1713 1679 1753 Facta
1693 1719 1783 1755 aute

1373 1775 1435 1813 die
1452 1795 1461 1805 ·
1505 1788 1683 1825 egressus
1703 1779 1783 1817 ibat

1372 1837 1413 1875 in
1429 1837 1623 1877 desertum
1642 1840 1733 1879 loci-1
1747 1862 1755 1871 ·

1373 1906 1411 1938 et
1430 1901 1563 1939 turbae
1582 1904 1731 1954 require

1373 1964 1467 2002 bant
1487 1976 1577 2002 eum
1594 1986 1603 1995 ·
1652 1973 1689 2004 et
1709 1979 1808 2006 uene

1372 2033 1461 2063 runt
1480 2038 1602 2077 usque
1626 2028 1675 2066 ad
1695 2029 1781 2079 ipsii
1799 2051 1808 2060 ·

1373 2095 1410 2126 et
1425 2089 1642 2128 retinebant
1657 2091 1764 2130 illum

1371 2157 1412 2188 ut
1431 2152 1481 2189 ab
1500 2152 1592 2202 ipsis
1613 2166 1693 2192 non
1714 2155 1819 2194 disce

1373 2214 1480 2252 deret
1497 2235 1506 2244 ·
1535 2215 1564 2236 ⁴³
1581 2216 1736 2263 Quibus
1757 2218 1819 2256 ille

1372 2277 1423 2315 ait
1440 2298 1448 2306 ·
1497 2278 1588 2329 quia
1608 2285 1645 2317 et
1661 2280 1743 2318 aliis
1764 2281 1838 2320 ciui

1370 2340 1510 2378 tatibus
1531 2349 1684 2391 oportet
1702 2356 1765 2382 me

1371 2403 1637 2452 euangelizare
1656 2419 1725 2456 reg

1371 2477 1467 2503 num
1486 2466 1525 2504 di
1541 2488 1550 2496 ·
1591 2469 1682 2518 quia
1697 2469 1746 2507 ad
1762 2469 1837 2509 hoc

1371 2528 1511 2567 missus
1531 2541 1617 2568 sum
1638 2548 1692 2565 ,Λ

1451 2608 1756 2627 mmm

1339 2651 1358 2672 *
1372 2653 1402 2674 ⁴⁴
1414 2652 1465 2691 Et
1484 2660 1565 2692 erat
1579 2656 1809 2705 praedicans

1339 2714 1411 2753 *in
1431 2718 1641 2767 synagogis
1660 2719 1737 2768 gali

1338 2777 1356 2799 *
1370 2779 1452 2816 leae
1466 2799 1475 2809 ·

1533 2785 1572 2819 5.
1588 2779 1601 2800 ¹
1614 2780 1733 2819 fatum
1751 2789 1809 2821 est

1369 2848 1497 2880 autem
1517 2854 1608 2881 cum
1627 2845 1762 2884 turbae

1368 2904 1564 2944 inruerent
1578 2906 1618 2944 in
1637 2919 1728 2945 eum
1740 2928 1749 2938 -

1323 3017 1330 3022 „
1368 2974 1410 3006 ut
1429 2968 1594 3007 audirent
1614 2971 1735 3009 uerbii
1756 2970 1796 3010 di

1367 3036 1405 3069 et
1424 3030 1506 3081 ipse
1525 3038 1607 3071 erat
1626 3038 1730 3072 stans

2284 206 2338 253 79

1869 307 1990 347 Secus
2011 315 2192 360 stagnum
2211 323 2289 362 gen
2357 320 2439 352 ποι.
2455 321 2518 351 96.

1868 373 2049 411 nesareth
2063 394 2072 403 ·
2103 373 2117 393 ²
2130 381 2168 413 et
2182 375 2222 414 ui

1869 434 1925 472 dit
1940 435 2036 474 duas
2056 449 2178 477 naues
2199 446 2258 479 sta

1869 509 2037 537 re.secus
2057 506 2231 551 stagnu'
2245 524 2255 534 ·

1869 560 2082 610 piscatores
2098 571 2227 604 autem

1871 623 2152 666 descenderant
2171 634 2209 667 et

1871 685 2055 726 lauabant
2075 692 2169 730 retia
2185 714 2194 724 ·

1871 747 1886 768 ⁸
1900 748 2133 791 Ascendens
2153 760 2241 796 aute
2260 757 2320 797 ihs

1871 811 1912 848 in
1932 824 2073 852 nauem
2097 829 2198 868 quae

1871 881 1952 913 erat
1972 877 2131 918 simonis
2148 902 2156 911 ·
2197 895 2242 922 ro

1871 938 1979 986 gauit
1998 952 2088 979 eum
2107 949 2149 981 ut
2166 944 2261 984 indu

1872 1008 2002 1039 cerent
2022 1015 2044 1041 a
2059 1010 2158 1044 terra
2177 1007 2227 1045 ali

1871 1065 2101 1113 quantulum
2155 1076 2193 1108 et
2213 1083 2256 1110 se

1873 1125 1970 1164 dens
1996 1128 2161 1169 docebat
2176 1132 2225 1172 de
2244 1146 2296 1173 na

1871 1188 1999 1228 uicula
2017 1193 2148 1232 turbas
2165 1215 2173 1224 -

1869 1251 1884 1271 ⁴
1897 1250 1951 1291 Ut
1972 1256 2136 1296 cessauit
2156 1264 2285 1298 autem
2299 1259 2338 1299 lo

1871 1314 1960 1364 qui·
2010 1316 2105 1356 dixit
2124 1320 2175 1359 ad
2196 1322 2296 1361 simo

1870 1389 1961 1415 nem
1983 1398 1992 1408 ·
2040 1380 2114 1419 duc
2134 1383 2173 1421 in
2194 1384 2336 1423 altum·

1870 1445 1908 1477 et
1926 1439 2051 1480 laxate
2074 1445 2166 1483 retia
2185 1459 2253 1485 ues

1872 1508 1930 1540 tra
1948 1503 1989 1541 in
2009 1513 2210 1556 capturam
2224 1530 2233 1539 ·

1871 1563 1885 1585 ⁶
1897 1564 1947 1603 Et
1959 1569 2200 1617 respondens
2216 1572 2339 1611 sim⁰n

1872 1627 1967 1666 dixit
1986 1629 2038 1667 illi
2083 1644 2251 1685 praecep

1870 1720 1931 1754 tor
1976 1729 2045 1767 per
2063 1724 2187 1758 totam
2206 1734 2283 1761 noc

1871 1783 1951 1816 tem
1969 1779 2190 1821 laborantes
2210 1785 2250 1823 ni

1872 1839 1926 1878 hil
1944 1843 2118 1892 cepimus
2159 1846 2228 1884 sed

1872 1902 1912 1940 in
1932 1905 2052 1943 uerbo
2072 1912 2138 1945 tuo
2158 1907 2300 1949 laxabo

1871 1966 1965 2004 retia
1978 1987 1987 1996 ·
2027 1967 2090 2006 ⁶et
2108 1982 2198 2008 cum
2218 1971 2296 2011 hoc

1870 2027 2051 2068 fecissent
2070 2033 2210 2072 conclu

1872 2100 2002 2130 serunt
2021 2093 2187 2142 piscium

1871 2154 2155 2195 multitudinem
2179 2160 2269 2210 copi

1871 2228 1982 2255 osam
1998 2239 2007 2248 ·
2054 2223 2272 2271 rumpeban

1871 2284 1931 2316 tur
1950 2286 2079 2319 autem
2099 2284 2191 2322 retia
2210 2297 2259 2323 eo

1871 2353 1956 2379 rum
1973 2362 1981 2371 ·
2010 2343 2025 2364 ⁷
2036 2351 2074 2382 et
2093 2344 2301 2386 innuerunt

1872 2404 1986 2441 sociis
2006 2407 2072 2455 qui
2092 2415 2200 2446 erant
2214 2409 2255 2447 in
2274 2422 2299 2448 a

1870 2465 1921 2503 lia
1944 2468 2059 2504 naui·
2102 2477 2144 2508 ut
2159 2472 2336 2511 uenirent

1871 2534 1910 2566 et
1928 2529 2155 2570 adiuuarent
2173 2545 2242 2572 eos

1870 2589 1922 2628 Et
1941 2600 2128 2632 uenerunt
2147 2601 2184 2634 et
2202 2596 2322 2648 imple

1870 2661 2010 2693 uerunt
2029 2657 2165 2696 ambas
2184 2671 2235 2698 na

1869 2716 2016 2756 uiculas
2037 2718 2088 2757 ita
2107 2726 2149 2757 ut
2168 2733 2252 2760 mer

1868 2787 2049 2828 gerentur
2063 2802 2072 2811 ·
2104 2782 2236 2833 ⁸qu0d

1868 2853 1958 2880 cum
1977 2843 2123 2883 uideret
2137 2846 2267 2885 simon

1866 2912 1999 2955 petrus
2016 2927 2024 2936 ·
2044 2927 2052 2937 ·
2100 2909 2266 2958 procidit

1866 2968 1916 3007 ad
1935 2981 2064 3019 genua
2083 2970 2149 3008 ihu
2172 2971 2305 3011 dicens
2322 2993 2331 3002 ·

1865 3030 1941 3070 Exi
1959 3044 1983 3071 a
2000 3044 2064 3072 me
2080 3033 2155 3072 dr‘re
2173 3054 2180 3064 ·
2224 3035 2315 3086 quia
