2872 3268
318 201 432 233 XVII.
452 210 467 233 2
475 201 649 235 1—XVIII.
667 203 735 245 20.]

104 316 188 349 1¹01·
204 317 288 350 242.
318 316 426 356 Sicut
444 323 486 356 tu
507 324 616 368 pater
634 318 674 356 in
693 331 758 357 me

316 385 356 418 et
374 391 449 429 ego
470 380 510 418 in
530 387 567 418 te
614 386 656 418 ut
676 387 714 420 et
733 381 758 419 il

316 441 341 479 li
359 442 400 479 in
420 443 532 482 nobis
552 455 675 480 unum

314 503 391 542 sint
405 524 414 534 ·
443 510 485 542 ut
504 505 675 543 mundus

314 566 446 604 credat
466 567 558 617 quia
576 573 617 605 tu
637 580 701 606 me

314 628 450 667 misisti
464 650 473 659 ·
510 627 600 668 ”Et
620 642 695 680 ego
715 630 781 681 glo

313 691 412 729 riam
432 704 551 742 quam
572 693 682 732 dedis

313 753 342 792 ti
361 754 455 792 mihi
476 755 566 793 dedi
585 755 656 794 illis
670 777 680 786 ·

313 821 356 854 ut
375 816 451 855 sint
469 829 591 855 unum
611 818 709 856 sicut

313 889 389 916 nos
407 891 530 916 unum
551 892 684 918 sumus
697 901 707 910 ·

313 939 437 990 23Ego
444 941 484 979 in
490 942 561 979 illis
574 949 611 980 et
619 942 704 981 tuin
715 955 780 981 me

312 1007 356 1040 ut
375 1003 451 1042 sint
469 1004 629 1053 perfecti
649 1005 690 1043 in

311 1076 435 1103 unum
452 1086 461 1095 ·
490 1065 542 1104 Et
560 1073 603 1104 ut
622 1079 700 1117 cog

310 1134 448 1166 noscat
466 1128 529 1168 hic
548 1130 718 1168 mundus

312 1190 406 1240 quia
425 1197 466 1229 tu
485 1204 548 1230 me
568 1192 704 1231 misisti
717 1213 727 1223 ·

310 1251 362 1291 Et
381 1253 545 1292 dilexisti
565 1254 650 1293 illos
669 1255 768 1294 sicut

309 1327 374 1354 me
394 1316 561 1355 dilexisti
578 1337 587 1347 ·
616 1315 646 1339 ²⁴
659 1318 715 1356 Pa

308 1384 366 1416 ter
385 1386 481 1429 quos
500 1379 637 1418 dedisti
656 1381 710 1418 mi

309 1440 350 1479 hi
377 1442 471 1479 uolo
490 1448 533 1479 ut
551 1442 645 1480 hubi
663 1454 741 1492 ego

310 1515 399 1542 sum
417 1510 456 1542 et
474 1504 528 1543 illi
546 1505 622 1543 sint
639 1517 704 1544 me

309 1603 400 1630 cum
414 1612 423 1621 ·
452 1597 495 1630 ut
513 1592 674 1630 uideant

309 1653 472 1703 gloriam
492 1666 622 1692 meam

308 1716 482 1766 quamihi
501 1717 639 1755 dedisti
654 1737 664 1747 ·

309 1778 401 1828 quia
421 1779 584 1818 dilexisti
603 1791 667 1818 me

309 1846 398 1879 ante
418 1842 642 1880 constitutio

307 1892 400 1941 nem
418 1904 579 1942 mundi·
609 1904 639 1926 ²⁵
649 1916 702 1955 pa

306 1971 364 2003 ter
381 1966 480 2004 iuste
494 1987 503 1996 ·
532 1967 704 2006 mundus

304 2033 344 2066 te
363 2040 444 2067 non
463 2030 649 2078 cognouit
662 2050 671 2059 ·

305 2089 395 2140 Ego
415 2097 546 2129 autem
566 2098 603 2129 te
623 2103 754 2142 cogno

305 2152 368 2190 ui·
398 2159 436 2191 et
456 2154 518 2191 isti
537 2165 718 2203 cognoue

303 2223 394 2254 runt
413 2211 503 2266 quia
522 2223 564 2254 tu
583 2229 647 2255 me
665 2217 719 2255 mi

305 2278 386 2316 sisti
414 2276 443 2299 ²⁶
455 2285 493 2317 et
511 2287 650 2317 notum
668 2279 706 2318 fe

305 2341 341 2379 ci
359 2341 432 2378 illis
452 2353 597 2380 nomen
616 2348 718 2380 tuu*

306 2409 345 2442 et
364 2405 567 2454 cognitum
586 2404 718 2443 sacia*
732 2425 741 2435 ·

305 2471 347 2503 ut
366 2466 504 2505 caritas
523 2479 601 2516 qua
619 2464 684 2505 ine

306 2528 471 2566 dilexisti
491 2529 530 2566 in
548 2529 635 2568 illos
656 2530 704 2567 sit

303 2607 358 2623 m
372 2597 410 2628 et
429 2603 504 2640 ego
523 2591 563 2628 in
581 2591 654 2629 illis
667 2608 721 2625 m

1148 202 1182 240 I
1181 202 1298 242 OHA
1305 194 1444 242 NNE
1454 222 1462 231 ·

820 325 924 357 trans
942 322 1112 357 torrente

820 381 990 420 caedron
1036 382 1103 419 ubi
1123 388 1200 420 erat

818 443 953 482 hortus
972 444 1011 482 in
1031 456 1110 494 quo
1129 444 1170 482 in

817 506 947 544 troiuit
966 506 1049 556 ipse
1068 513 1107 544 et
1125 506 1185 545 dis

817 568 935 618 cipuli
949 569 1054 607 eius·
1084 569 1098 591 ²
1113 568 1176 607 Sci

817 631 907 669 ebat
927 637 1057 669 autem
1078 637 1117 669 et
1136 631 1242 669 iudas

817 694 884 742 qui
904 705 995 731 eum
1015 694 1156 732 traditu

815 767 881 793 rus
900 762 979 794 erat
997 756 1130 795 locum
1146 777 1154 786 ·

816 818 908 868 quia
927 818 1151 869 frequenter

816 888 1054 919 conuenerat
1074 881 1132 919 ihs

815 942 867 980 ibi
887 955 975 981 cum
997 943 1195 993 discipulis

812 1005 892 1043 suis
908 1026 917 1036 ·
955 1005 969 1027 ⁸
981 1005 1100 1044 Iudas
1118 1007 1217 1057 itaqS

812 1073 970 1117 accepta
990 1068 1154 1107 cohorte

812 1130 975 1175 militum
995 1137 1033 1169 et
1053 1143 1076 1169 a
1094 1130 1180 1181 prin

813 1193 963 1242 cipibus
983 1205 1093 1232 sacer

814 1255 950 1293 dotum
971 1262 1008 1294 et
1027 1256 1141 1295 farise

812 1329 925 1355 orum
944 1318 1128 1357 ministris
1140 1340 1150 1350 ·

811 1380 918 1418 uenit
936 1380 976 1418 in
995 1380 1126 1419 locum
1146 1385 1195 1420 esi

811 1442 993 1481 lanternis
1013 1450 1051 1481 et
1068 1444 1199 1494 lampa

811 1504 924 1543 dibus
943 1513 980 1544 et
999 1506 1114 1544 armis

809 1592 824 1612 ⁴
836 1592 895 1630 ihs
914 1599 1042 1631 autern
1063 1593 1189 1632 sciens

810 1655 943 1693 omnia
961 1655 1156 1694 uenientia
1176 1668 1221 1694 su

810 1729 879 1767 per
899 1729 941 1755 se
959 1738 968 1747 ·
997 1718 1139 1768 prodiit
1157 1725 1196 1757 et

813 1780 906 1818 dicit
925 1780 997 1818 illis
1026 1793 1143 1831 quern
1164 1782 1210 1832 qS

808 1842 890 1881 ritis
906 1863 915 1872 ·
945 1842 959 1863 ⁵
971 1843 1166 1893 responde

809 1911 898 1943 runt
916 1905 968 1943 illi
984 1926 993 1935 ·
1023 1905 1103 1943 ihm
1122 1918 1223 1945 nazo

807 1979 917 2006 reum
933 1988 942 1998 ·
973 1967 1065 2007 dicit
1083 1968 1156 2007 illis
1174 1968 1233 2007 ihs

808 2042 884 2080 ego
904 2042 991 2068 sum
1007 2051 1016 2060 ·
1048 2030 1183 2069 Stabat

808 2099 939 2131 autern
960 2099 998 2131 et
1017 2093 1128 2131 iudas
1147 2106 1220 2143 pro

807 2155 907 2194 ditor
925 2156 1024 2194 illius
1044 2168 1134 2194 cum
1153 2156 1193 2206 ip

807 2218 859 2256 sis
876 2239 885 2248 ·
915 2219 928 2239 ⁶
942 2217 997 2256 Ut
1017 2230 1113 2268 ergo
1139 2218 1234 2258 dixit

807 2280 879 2318 illis
899 2292 975 2330 ego
996 2293 1083 2318 sum
1103 2281 1191 2319 abie

805 2348 917 2380 runt·
940 2349 1152 2381 retrorsum

806 2412 845 2444 et
862 2406 1086 2445 ceciderunt
1105 2406 1144 2444 in
1163 2412 1221 2445 ter

804 2479 889 2506 ram
902 2488 912 2498 ·
941 2468 955 2489 ⁷
968 2468 1112 2506 Iterum
1133 2480 1227 2518 ergo

806 2530 1059 2580 interrogauit
1078 2530 1165 2568 illos

806 2604 924 2642 quem
945 2593 1129 2642 quaeritis
1146 2613 1155 2622 ·
1184 2590 1239 2630 At

265 2652 287 2677 *
302 2651 505 2691 18.¹Haec
513 2665 602 2691 cum
610 2651 771 2692 dixisset
804 2655 857 2692 illi
877 2654 1056 2692 dixerunt
1074 2654 1155 2692 ihm
1173 2666 1226 2692 na

266 2715 288 2739 *
303 2715 384 2752 ihs·
413 2715 533 2753 exiuit
551 2727 642 2754 cum

292 2776 496 2828 discipulis
516 2778 594 2816 suis

804 2728 962 2755 zoreum
977 2737 986 2746 ·
1015 2716 1030 2737 ⁸
1042 2716 1205 2766 Respon

805 2778 860 2818 dit
872 2779 943 2817 illis
954 2778 1013 2818 ihs
1027 2799 1036 2809 ·
1056 2777 1135 2817 dixi
1147 2778 1259 2818 uobis

1359 319 1451 370 quia
1469 331 1546 370 ego
1566 331 1652 357 sum
1669 341 1678 350 ·
1710 319 1752 358 Si

1357 393 1451 431 ergo
1471 394 1534 420 me
1554 382 1733 432 quaeritis

1358 443 1468 482 sinite
1488 444 1584 483 istos
1604 444 1657 483 ire
1674 465 1683 475 ·

1357 504 1370 526 ⁹
1382 511 1423 543 ut
1442 505 1661 556 impleretur

1356 568 1519 606 uerbum
1539 568 1646 618 quod

1356 629 1475 668 dixit·
1514 634 1608 681 qfim
1626 643 1728 682 quos

1357 691 1494 730 dedisti
1514 692 1608 731 mihi
1627 705 1709 731 non

1355 755 1506 803 perdidi
1524 767 1574 793 ex
1594 755 1667 794 illis
1686 756 1726 795 ul

1355 815 1437 854 lum
1452 837 1462 846 ·
1480 837 1489 847 ·
1506 837 1516 847 ·
1545 816 1575 838 ¹⁰
1589 817 1727 857 Simon

1356 885 1484 917 autem
1499 887 1633 930 petrus
1647 901 1656 911 ·

1355 940 1503 980 habens
1522 942 1694 992 gladium

1354 1003 1487 1041 eduxit
1506 1004 1611 1044 illum
1657 1012 1696 1044 et

1354 1066 1523 1115 percusit
1541 1068 1664 1117 princi

1353 1128 1394 1177 pi
1414 1129 1603 1168 sacerdoti
1622 1142 1683 1168 ser

1353 1202 1447 1229 uum
1475 1197 1513 1229 et
1533 1192 1697 1231 abscidit

1351 1252 1404 1291 illi
1422 1254 1633 1293 auriculam
1652 1255 1727 1294 dex

1350 1321 1450 1353 tram
1466 1336 1475 1346 -
1503 1323 1583 1355 erat
1602 1321 1690 1356 aute

1351 1389 1497 1416 nomen
1517 1379 1617 1417 serui

1351 1438 1523 1479 malchus
1539 1462 1548 1471 ·
1579 1440 1608 1463 ¹¹
1620 1442 1728 1481 Dixit
1747 1455 1789 1482 er

1349 1514 1402 1553 go
1422 1503 1482 1542 ihs
1501 1509 1612 1555 petro
1629 1525 1638 1534 ·
1668 1505 1738 1543 mit

1349 1595 1385 1629 te
1403 1591 1576 1641 gladium
1595 1592 1635 1631 in
1654 1590 1762 1632 theca

1349 1664 1420 1691 sua
1434 1674 1442 1683 ·
1473 1654 1632 1693 calicem
1652 1660 1729 1706 que

1348 1715 1452 1754 dedit
1470 1716 1564 1754 mihi
1582 1724 1689 1767 pater

1348 1790 1431 1816 non
1451 1779 1581 1817 bibam
1600 1780 1708 1819 illum

1348 1838 1378 1861 ¹²
1391 1840 1545 1880 Cohors
1564 1842 1692 1893 itaque
1711 1850 1750 1883 et

1347 1904 1524 1942 tribunus
1542 1910 1580 1943 et
1598 1906 1653 1943 mi

1349 1967 1455 2005 nistri
1474 1968 1705 2006 iudaeoru-·

1347 2029 1708 2080 adpraehenderunt

1348 2092 1429 2130 ihm
1467 2099 1505 2130 et
1524 2092 1687 2142 alligaue

1348 2161 1436 2192 runt
1455 2154 1562 2192 illum
1604 2154 1631 2176 ¹³
1643 2162 1680 2194 et
1699 2155 1750 2194 ad

1349 2218 1540 2256 duxerunt
1558 2229 1649 2256 eum
1668 2217 1719 2256 ad

1346 2292 1492 2319 annam
1510 2280 1681 2330 primum
1696 2300 1705 2310 ·

1344 2349 1426 2381 erat
1444 2342 1549 2380 enim
1569 2354 1680 2381 socer

1345 2405 1466 2443 caifae
1508 2404 1575 2455 qui
1594 2411 1676 2443 erat

1343 2467 1523 2518 princeps
1543 2466 1702 2506 sacerdo

1342 2535 1425 2568 tum
1445 2529 1624 2567 annillius
1641 2549 1650 2559 ·

1341 2590 1371 2613 ¹⁴
1382 2592 1495 2631 Errat
1514 2597 1642 2629 autem
1661 2590 1781 2630 caifas

1342 2654 1409 2705 qui
1428 2653 1631 2692 consilium
1651 2653 1699 2691 de

1342 2716 1398 2754 dit
1417 2715 1563 2754 iudaeis
1583 2715 1674 2766 quia
1692 2727 1741 2754 ex

1340 2778 1446 2829 pedit
1459 2790 1582 2816 unum
1601 2778 1794 2818 homine-

2269 203 2323 256 67

1859 319 1960 358 mori
1978 331 2049 370 pro
2068 320 2180 370 plebe
2197 342 2206 351 ·

1857 381 1886 403 ¹⁶
1899 381 2138 433 Sequebatur
2156 386 2244 421 aute

1857 444 1939 482 ihm
1986 445 2115 483 simon
2135 458 2183 495 pe

1857 512 1937 544 trus
1956 519 1978 545 e
1998 507 2094 545 alius
2115 508 2174 546 dis

1857 569 2009 619 cipulus
2025 590 2034 600 ·
2064 569 2215 620 discipu

1856 630 1917 669 lus
1936 637 2063 670 autem
2083 632 2144 670 ille
2163 645 2217 671 no

1856 700 1918 731 tus
1936 700 2017 732 erat
2036 695 2202 745 principi

1857 756 2103 794 sacerdotum
2119 777 2129 786 ·

1855 816 1885 839 ¹⁶
1897 817 2031 857 Petrus
2050 825 2178 858 autem
2198 826 2259 858 sta

1856 880 1923 925 bat
1942 880 1992 919 ad
2012 881 2170 919 ianuam
2190 881 2231 921 fo

1855 942 1907 981 ris
1922 963 1931 973 ·
1971 943 2089 981 exiuit
2107 956 2203 993 ergo

1855 1004 1916 1043 ille
1937 1005 2148 1055 discipulus
2167 1018 2221 1045 no

1855 1073 1917 1106 tus
1935 1068 2099 1118 principi
2119 1081 2229 1107 sacer

1856 1128 1992 1167 dotum
2038 1136 2076 1168 et
2096 1131 2191 1169 dixit
2210 1143 2256 1171 os

1853 1192 1982 1230 tiariae
2002 1199 2040 1231 et
2060 1193 2160 1232 intro

1853 1253 1962 1292 duxit
1980 1262 2130 1305 petrum
2147 1276 2157 1286 ·

1851 1315 1881 1337 ¹⁷
1892 1316 2001 1355 Dixit
2019 1329 2113 1367 ergo
2134 1318 2272 1357 ancilla

1850 1379 2004 1418 ostiaria
2022 1387 2132 1430 petro
2146 1401 2156 1410 ·

1852 1442 2042 1492 numquid
2061 1448 2099 1480 et
2117 1448 2158 1480 tu
2179 1442 2227 1481 de

1851 1503 2047 1554 discipulis
2066 1517 2108 1542 es
2129 1504 2180 1543 ho

1850 1590 1966 1629 minis
1985 1591 2119 1629 huius·
2150 1592 2201 1629 ait
2219 1591 2246 1630 il

1848 1652 1884 1692 le
1903 1665 1984 1691 non
2005 1665 2092 1692 sum
2112 1674 2121 1683 ·
2151 1653 2179 1674 ¹⁸
2193 1659 2251 1692 sta

1849 1716 1944 1753 bant
1961 1728 2055 1764 ergo
2075 1716 2175 1754 serui
2193 1722 2232 1755 et

1849 1778 2012 1815 ministri
2032 1778 2165 1816 focum

1849 1839 2036 1878 habentes
2055 1841 2146 1890 quia
2165 1840 2212 1878 fri

1849 1914 1923 1952 gus
1941 1909 2023 1940 erat
2041 1909 2079 1940 et
2098 1902 2221 1941 calefa

1850 1965 2046 2004 ciebantur
2061 1986 2070 1995 ·
2098 1965 2193 2004 Erat

1849 2035 1979 2066 autem
1999 2040 2089 2065 curn
2108 2028 2180 2066 illis
2199 2034 2237 2067 et

1848 2097 1979 2140 petrus
1999 2097 2104 2129 stans
2123 2098 2162 2128 et

1849 2152 2076 2191 calefaciens
2096 2165 2137 2191 se
2155 2173 2164 2182 ·

1848 2215 1877 2237 1⁹
1889 2215 2074 2265 Princeps
2091 2227 2186 2265 ergo
2205 2227 2249 2254 sa

1848 2278 2049 2316 cerdotum
2068 2278 2165 2316 inter

1846 2341 1999 2391 rogauit
2018 2340 2098 2378 ihm
2118 2340 2164 2378 de
2186 2339 2245 2379 dis

1847 2403 1983 2453 cipulis
2002 2403 2084 2441 eius
2104 2408 2141 2440 et
2161 2402 2209 2440 de

1846 2465 2020 2504 doctrina
2039 2467 2122 2503 eius
2136 2485 2146 2494 ·

1844 2526 1874 2549 ²⁰
1886 2527 2104 2578 Respondit
2122 2527 2175 2565 illi
2194 2527 2254 2567 ihs
2266 2547 2277 2558 ·

1842 2602 1919 2640 ego
1938 2591 1978 2628 in
1997 2590 2127 2640 palam
2146 2589 2186 2628 lo

1842 2659 1952 2692 cutus
1972 2656 2017 2691 εὖ
2036 2652 2127 2691 huic

1841 2715 1991 2754 mundo
2008 2735 2017 2745 ·
2048 2714 2137 2765 Ego
2157 2726 2310 2766 semper

1840 2778 1957 2818 docui
1976 2778 2017 2816 in
2036 2788 2240 2828 synagoga

2035 2860 2062 2887 K
2083 2860 2103 2885 2

2353 318 2436 349 Fol.
2449 318 2535 351 248.
