2872 3268
382 354 464 386 1²01.
476 354 553 386 113.

583 227 637 269 88

585 346 909 386 descendentibus

585 410 658 448 illis
677 409 725 448 de
745 416 879 448 monte

586 473 753 512 occurrit
771 473 824 511 illi
842 478 902 510 tur

587 536 637 574 ba
656 535 778 574 multa
791 556 800 566 ·
829 535 858 556 ³²³
869 535 920 573 Et
940 546 1007 573 cce

586 598 645 636 uir
664 598 711 636 de
730 599 843 636 turba
862 596 972 636 excla

586 661 708 700 mauit
727 661 859 699 dicens
873 681 882 690 ·
930 671 996 698 ma

586 724 703 773 gister
722 724 824 761 bone
850 723 945 761 obse

588 798 655 824 cro
674 792 710 824 te
759 785 928 835 Respice
949 784 990 822 in

587 848 708 886 filium
727 859 857 885 meum
876 846 967 896 quia

587 911 725 949 unicus
744 916 801 948 est
820 909 915 947 mihi
929 930 938 939 ·

587 972 616 994 ³⁹
627 971 678 1010 Et
696 984 786 1011 ecce
807 971 960 1022 spiritus
980 971 1021 1010 in

587 1035 754 1073 mundus
773 1034 891 1085 adpre

587 1096 704 1135 hendi
723 1097 831 1135 illum
876 1097 927 1135 Et
947 1108 993 1135 su

587 1159 669 1198 bito
690 1160 829 1198 clamat
848 1166 886 1198 et
904 1159 954 1198 eli

588 1223 642 1260 dit
660 1229 697 1260 et
716 1223 877 1273 dissipat
895 1226 945 1261 eii

589 1297 680 1324 cum
700 1297 839 1336 spuma
885 1285 937 1323 Et
955 1285 1022 1324 uix

588 1348 748 1387 discedit
767 1349 817 1387 ab
836 1348 900 1387 illo
921 1348 960 1387 di

587 1410 740 1449 lanians
758 1424 848 1449 eum
862 1432 871 1442 ·
901 1411 931 1432 ⁴⁰
942 1418 980 1450 et

588 1474 725 1524 rogaui
744 1474 954 1525 discipulos

588 1543 677 1575 tuos
696 1543 738 1575 ut
755 1537 895 1576 eiciant
922 1537 948 1575 il

589 1599 670 1638 lum
688 1605 726 1638 et
745 1607 820 1638 n0n
839 1606 1046 1651 potuerunt

589 1748 618 1771 ⁴¹
631 1749 891 1800 Respondens
912 1756 1040 1788 autem

591 1812 650 1851 ihs
670 1812 787 1850 dixit·
819 1824 844 1851 o
862 1833 871 1843 ·
901 1825 1045 1862 genera

590 1876 646 1914 tio
666 1875 829 1914 infidelis
875 1882 912 1914 et
931 1888 1000 1926 per

592 1950 706 1976 uersa
751 1950 875 1989 usque
895 1950 975 1989 quo
994 1951 1016 1977 e

592 2013 637 2039 ro
657 2000 760 2051 apud
778 2013 851 2040 uos
870 2007 906 2040 et
926 1997 1049 2051 patiar

592 2075 663 2102 uos
681 2084 690 2093 ·
739 2064 864 2103 adduc
884 2064 960 2103 huc
980 2065 1060 2103 filiu

592 2133 725 2164 tuum·
755 2127 926 2166 4²Adhuc
946 2131 1035 2167 aute

592 2189 772 2227 ueniente
790 2189 877 2239 ipso
895 2190 994 2228 elisit

591 2250 699 2289 illum
713 2251 940 2290 demonium

593 2319 632 2352 et
651 2313 849 2364 dissipauit
863 2335 871 2344 ·
911 2315 963 2353 Et
982 2315 1023 2353 in

595 2378 767 2427 crepauit
786 2377 845 2415 ihs
865 2381 953 2427 spm
972 2378 1013 2416 in

593 2440 783 2478 mundum
828 2446 866 2479 et
885 2453 982 2479 sana

594 2502 650 2541 uit
669 2515 833 2553 puerum
847 2524 855 2534 ·
903 2503 955 2541 Et
980 2503 1049 2542 red

596 2564 690 2603 didit
709 2565 816 2604 illum
835 2567 934 2616 patri
953 2567 1035 2606 eius
1052 2587 1061 2598 ·

594 2627 624 2648 ⁴³
637 2630 840 2678 stupebant
855 2635 983 2667 autem
995 2642 1061 2669 om

595 2701 664 2728 nes
684 2691 724 2728 in
743 2692 959 2742 magnitudi

596 2763 686 2790 nem
706 2752 744 2790 di
756 2773 765 2782 ·
813 2755 996 2794 omnibus

597 2825 671 2863 que
690 2814 914 2854 mirantibus
934 2829 978 2855 su

596 2887 666 2924 per
684 2877 863 2915 omnibus
883 2891 981 2928 quae

597 2936 760 2975 faciebat
780 2939 837 2976 ihs
858 2960 867 2969 ·
900 2940 1009 2980 Dixit

598 2999 648 3037 ad
662 2999 871 3050 discipulos
890 3013 981 3041 suos

598 3062 764 3112 ⁴⁴ponite
778 3074 976 3102 sermones
989 3064 1062 3104 hos

1488 227 1648 268 SECD
1664 247 1673 258 ·

1089 346 1128 383 in
1148 345 1303 383 auribus
1322 344 1459 383 uestris
1475 365 1484 374 ·

1089 420 1181 446 nam
1201 407 1299 445 filius
1319 407 1487 446 hominis

1088 470 1255 509 tradetur
1274 470 1315 507 in
1333 481 1473 508 manus

1087 532 1292 570 hominum
1305 552 1314 562 ·
1345 532 1374 553 ⁴⁵
1387 539 1425 570 at
1444 533 1496 571 illi
1516 533 1556 584 ig

1088 595 1279 633 notabant
1298 595 1461 633 uerbum

1088 656 1190 695 istud
1203 678 1212 687 ·
1260 663 1298 696 et
1316 663 1396 695 erat
1415 657 1543 696 uelatfi

1088 725 1177 758 ante
1198 719 1304 770 ipsos
1323 726 1365 758 ut
1379 732 1461 759 non
1474 733 1543 760 sen

1087 783 1201 820 tirent
1221 803 1230 813 ·
1271 789 1308 821 et
1327 783 1513 822 timebant

1089 846 1320 896 interrogare
1341 846 1389 884 de
1408 846 1485 886 hoc

1088 909 1210 947 uerbo
1225 929 1234 938 ·
1263 908 1460 948 ⁴⁶Intrauit
1480 922 1530 948 au

1090 977 1168 1009 tem
1189 971 1373 1021 cogitatio
1392 972 1432 1010 in
1453 973 1508 1011 eis
1530 994 1537 1003 ·

1090 1033 1177 1084 quis
1189 1033 1229 1071 in
1241 1034 1297 1072 eis
1309 1034 1433 1073 maior
1447 1041 1547 1074 esset

1089 1095 1173 1134 47Αῐ
1179 1095 1238 1135 ihs
1244 1096 1380 1135 uidens
1388 1098 1544 1147 cogitati

1089 1170 1186 1198 ones
1206 1159 1332 1198 cordis
1352 1160 1504 1200 illorum

1089 1221 1384 1272 adprehendens
1403 1236 1478 1274 pue

1089 1297 1176 1322 rum
1196 1285 1324 1324 statuit
1343 1298 1455 1325 secus
1475 1299 1515 1326 se
1529 1308 1538 1317 ·

1088 1347 1156 1385 ⁴⁸et
1167 1348 1234 1386 ait·
1256 1348 1488 1400 quicumque
1501 1362 1547 1389 ac

1089 1410 1224 1460 ciperit
1242 1423 1404 1461 puerum
1416 1413 1490 1451 istu

1090 1473 1130 1511 in
1149 1474 1308 1512 nomine
1327 1487 1418 1513 meo
1464 1488 1527 1514 me

1091 1537 1236 1587 recepit
1248 1557 1256 1567 ·
1300 1543 1337 1576 et
1357 1538 1514 1589 quicum

1091 1611 1165 1648 que
1185 1612 1247 1638 me
1267 1602 1451 1650 receperit
1467 1622 1476 1631 ·

1091 1674 1171 1701 non
1191 1675 1254 1701 me
1273 1664 1407 1714 recipit
1427 1664 1494 1703 sed

1091 1761 1182 1787 eum
1201 1750 1267 1801 qui
1287 1763 1350 1789 me
1370 1751 1474 1790 misit
1489 1773 1498 1782 ·

1092 1811 1198 1850 Nam
1212 1813 1279 1864 qui
1298 1813 1425 1853 minor
1442 1821 1500 1854 est

1092 1875 1189 1913 inter
1207 1888 1345 1915 omnes
1364 1888 1438 1916 uos
1455 1898 1463 1907 ·

1094 1937 1156 1976 hic
1176 1938 1300 1977 maior
1318 1940 1387 1978 erit
1403 1961 1412 1971 ·

1092 2001 1122 2022 ⁴⁹
1135 2000 1396 2052 Respondens
1417 2009 1545 2042 autem

1094 2063 1283 2102 iohannes
1304 2065 1399 2104 dixit
1415 2086 1424 2096 ·
1454 2079 1522 2117 pre

1095 2132 1228 2176 ceptor
1247 2127 1414 2167 uidimus

1095 2189 1290 2239 quendam
1311 2190 1349 2228 in
1370 2192 1479 2230 nomi

1096 2263 1145 2288 ne
1165 2257 1231 2290 tuo
1251 2253 1454 2292 eicientem

1097 2312 1303 2353 daemonia
1317 2336 1325 2345 ·
1367 2322 1404 2354 et
1422 2316 1536 2366 prohi

1096 2376 1249 2415 buimus
1269 2389 1359 2416 eum
1378 2380 1469 2429 quia

1096 2450 1177 2476 non
1197 2440 1366 2490 sequitur
1386 2453 1438 2480 no
1504 2446 1509 2451 '

1096 2501 1247 2539 biscum
1263 2523 1272 2532 ·
1302 2502 1332 2523 ⁵⁰
1342 2503 1393 2541 Et
1412 2504 1463 2542 ait
1476 2503 1524 2542 ad
1537 2504 1561 2542 il

1095 2562 1154 2601 los
1174 2563 1232 2602 ihs
1246 2585 1255 2594 ·
1299 2566 1416 2604 nolite
1435 2579 1507 2617 pro

1096 2625 1225 2665 hibere
1267 2628 1333 2679 qui
1352 2630 1457 2667 enim
1476 2637 1551 2668 n0n

1095 2694 1153 2726 est
1165 2689 1348 2730 aduersus
1366 2704 1440 2731 uos

1096 2763 1168 2801 pro
1188 2753 1302 2792 uobis
1320 2761 1377 2793 est
1389 2773 1444 2788 m

1063 2811 1082 2833 *
1099 2813 1127 2834 ⁶¹
1143 2814 1304 2854 Factum
1322 2823 1379 2856 est
1398 2825 1526 2858 autem

1063 2874 1082 2895 *
1098 2876 1191 2916 dum
1211 2880 1419 2931 conpleren

1096 2946 1156 2977 tur
1175 2941 1254 2980 dies
1275 2943 1443 2982 adsumti

1097 3002 1184 3040 onis
1203 3004 1284 3042 eius
1299 3026 1307 3035 ·
1337 3005 1388 3044 Et
1407 3007 1490 3056 ipse

1097 3063 1235 3103 faciem
1255 3078 1364 3106 suam
1384 3068 1494 3107 firma

1628 343 1682 382 uit
1702 350 1744 382 ut
1762 342 1859 381 hiret
1878 342 1987 382 hieru

1628 406 1748 444 salem
1765 426 1774 436 ·
1804 404 1834 427 ⁶²
1844 406 1895 444 Et
1914 406 2018 445 misit

1627 469 1787 507 nuntios
1808 474 1897 507 ante
1917 481 1996 509 con

1628 537 1804 581 spectum
1819 543 1933 570 suum
1949 552 1958 562 ·

1626 593 1677 632 Et
1695 600 1829 633 euntes
1848 595 1996 634 intraue

1627 662 1716 695 runt
1737 657 1776 694 in
1796 657 1951 696 ciuitate
1971 670 2014 711 sa

1627 719 1906 759 maritanorum
1922 741 1931 751 ·

1627 782 1739 833 quasi
1751 783 1911 833 paraturi
1925 783 1994 821 illi·
2015 783 2096 822 ⁵⁸Et

1627 857 1710 883 non
1729 852 1955 896 receperunt

1627 907 1734 946 illum
1754 909 1844 959 quia
1858 908 1975 947 facies

1627 971 1710 1009 eius
1729 978 1810 1010 erat
1829 972 1953 1010 euntis
1973 972 2013 1010 hi

1627 1034 1816 1073 erusalem
1829 1055 1838 1065 ·
1868 1034 1896 1056 ⁶⁴
1905 1035 2007 1074 Cum

1626 1096 1813 1135 uidissent
1831 1103 1960 1136 autem

1628 1159 1805 1210 discipuli
1824 1160 1907 1199 eius
1923 1181 1932 1191 ·
1981 1161 2068 1200 iaco

1628 1224 1701 1260 bus
1720 1228 1758 1260 et
1777 1223 1967 1262 iohannes

1630 1285 1807 1324 dixerunt
1822 1307 1830 1316 ·
1861 1285 1949 1325 Dr‘ie
1964 1287 2023 1324 uis

1629 1347 1793 1386 dicimus
1838 1355 1881 1387 ut
1900 1349 2002 1399 ignis

1629 1410 1836 1449 descendat
1855 1411 1902 1450 de
1923 1411 2030 1451 caelo

1629 1485 1744 1524 super
1763 1473 1850 1512 illos
1869 1481 1907 1512 et
1926 1486 2005 1513 con

1630 1542 1796 1574 summat
1815 1536 1901 1575 illos
1915 1558 1924 1567 ·
1969 1537 2001 1576 si

1629 1606 1695 1638 cut
1714 1599 1833 1638 helias
1845 1599 1934 1638 fecit

1629 1661 1658 1683 ⁵⁵
1671 1661 1723 1700 Et
1742 1674 1952 1701 conuersus
1974 1663 2079 1702 incre

1630 1750 1737 1800 pauit
1749 1750 1835 1789 illos
1847 1750 1908 1789 ihs
1920 1758 1957 1790 et
1970 1750 2098 1789 dixit-

1630 1813 1787 1851 nescitis
1807 1813 1915 1851 cuius
1936 1817 2003 1863 sps
2024 1814 2055 1852 si

1629 1876 1677 1914 tis
1690 1896 1699 1905 ·
1729 1876 1861 1914 ⁶⁶fi1ius
1873 1876 1978 1914 enim
1990 1877 2099 1915 homi

1631 1939 1691 1977 nis
1711 1951 1793 1977 non
1812 1937 1911 1978 uenit
1931 1939 2081 1978 animas

1632 2000 1838 2040 hominum
1857 2002 2016 2053 perdere

1633 2064 1700 2102 sed
1720 2064 1866 2103 saluare
1881 2086 1890 2095 -
1919 2071 1957 2104 et
1976 2065 2062 2103 abie

1632 2133 1721 2164 runt
1740 2127 1780 2165 in
1795 2127 1898 2166 aliud
1917 2128 2074 2166 castellii
2090 2148 2099 2158 ·

2338 234 2416 278 [rx.
2431 240 2546 282 ,οη-Χ.
2565 239 2599 276 6.

2132 344 2184 383 ire
2204 351 2242 384 et
2261 346 2410 385 sepelire
2430 351 2539 397 patre

2131 419 2287 447 meum·
2317 408 2346 431 ⁶⁰
2358 409 2452 448 dixit
2471 414 2560 450 aute

2130 471 2166 510 ei
2186 471 2245 510 ihs
2260 491 2269 502 ·
2318 473 2400 511 sine
2421 479 2550 512 mortu

2131 545 2177 572 os
2198 534 2356 585 sepelire
2377 542 2506 574 mortu

2130 608 2176 635 os
2197 609 2290 636 suos
2304 618 2313 627 ·
2354 603 2396 636 tu
2415 604 2545 637 autem

2130 659 2230 698 uade
2247 660 2435 699 adnuntia
2454 673 2523 711 reg

2131 734 2226 760 num
2241 722 2280 760 di
2292 743 2301 753 ·
2330 721 2411 761 ⁶1Et
2430 724 2481 762 ait
2496 724 2586 762 alter

2131 797 2270 835 sequar
2287 790 2324 823 te
2345 785 2420 824 dfie
2437 807 2446 816 ·
2498 787 2568 826 sed

2130 848 2300 898 primum
2319 849 2496 899 permitte

2062 919 2067 922 ·
2129 911 2224 948 mihi
2244 911 2419 950 nuntiare
2439 911 2499 950 his

2130 973 2196 1024 qui
2212 972 2319 1012 domi
2334 980 2422 1012 sunt
2438 995 2447 1005 -
2464 973 2493 996 ⁶²
2504 974 2600 1014 dixit

2130 1042 2262 1074 autem
2280 1036 2339 1074 ihs
2359 1037 2409 1075 ad
2428 1037 2535 1076 illum
2549 1058 2559 1068 -

2131 1111 2249 1138 nemo
2268 1099 2478 1150 respiciens
2497 1112 2538 1139 re

2131 1168 2191 1200 tro
2237 1162 2393 1202 mittens
2413 1167 2533 1201 mam-1

2131 1224 2171 1262 in
2193 1230 2364 1262 aratrum
2405 1224 2544 1265 habilis

2131 1293 2190 1325 est
2209 1286 2250 1324 in
2268 1299 2392 1337 regno
2412 1287 2452 1326 di
2468 1309 2476 1318 ·
2490 1309 2548 1317 —

2132 1348 2410 1389 10.¹P0sthaec
2418 1351 2600 1391 autemde

2133 1412 2302 1463 signauit
2322 1413 2395 1452 dfis
2413 1420 2451 1452 et
2470 1414 2568 1454 alios

2133 1476 2376 1525 septuaginta
2391 1497 2400 1506 ·
2434 1483 2473 1515 et
2491 1478 2546 1515 mi

2132 1538 2179 1576 sit
2191 1537 2275 1576 illos
2287 1539 2394 1578 binos
2407 1546 2494 1578 ante
2503 1539 2600 1580 facie

2133 1612 2243 1639 suam
2257 1602 2298 1639 in
2311 1614 2470 1641 omnem
2481 1603 2572 1642 locfi
2586 1624 2596 1634 -

2131 1670 2170 1701 et
2184 1664 2379 1703 ciuitatem
2425 1677 2505 1716 quo
2518 1672 2599 1705 erat

2131 1758 2316 1791 uenturus
2331 1773 2340 1783 ·
2381 1751 2396 1773 ²
2407 1752 2492 1792 dice

2133 1814 2197 1853 bat
2217 1821 2346 1853 autem
2365 1815 2415 1854 ad
2434 1816 2520 1855 illos
2534 1837 2542 1846 ·

2133 1878 2269 1916 messis
2288 1878 2445 1927 quidem
2465 1891 2514 1917 co

2132 1940 2244 1991 piosa
2257 1961 2266 1970 -
2307 1941 2470 1991 operarii
2495 1954 2546 1980 au

2133 2008 2213 2041 tem
2231 2004 2347 2053 pauci
2363 2024 2372 2034 ·
2420 2011 2555 2054 rogate

2134 2077 2228 2116 ergo
2242 2066 2337 2104 dfim
2356 2065 2491 2105 messis

2133 2135 2176 2166 ut
2194 2129 2318 2167 mittat
2341 2130 2492 2180 operari

1633 2189 1662 2211 ⁶⁷
1670 2190 1831 2229 Factum
1838 2197 1895 2229 est
1903 2197 2030 2229 autem
2038 2203 2115 2228 eun
2134 2202 2179 2229 os
2192 2191 2232 2228 in
2247 2203 2413 2230 messem
2426 2203 2535 2230 suam
2548 2209 2602 2228 ,Α

1633 2252 1734 2290 tibus
1750 2253 1822 2291 illis
1833 2254 1872 2291 in
1887 2254 1951 2292 uia
1964 2274 1973 2283 ·
2004 2253 2100 2292 dixit

1634 2315 1792 2365 quidam
1812 2315 1862 2353 ad
1880 2316 1988 2354 illum
2004 2336 2013 2345 ·
2050 2315 2098 2354 Se

1634 2388 1734 2428 quor
1754 2385 1789 2416 te
1809 2390 2059 2429 quocumque

1634 2439 1744 2478 hieris
1763 2440 1838 2478 dfie
1881 2440 1909 2462 ⁵⁸
1921 2448 1958 2480 et
1978 2442 2029 2479 ait
2048 2441 2100 2479 illi

1633 2502 1692 2541 ihs
1707 2523 1716 2533 ·
1757 2503 1892 2553 uulpes
1912 2503 2045 2542 foueas

1633 2565 1798 2604 habent·
1830 2572 1868 2604 et
1886 2567 2061 2605 uolucres

1633 2629 1727 2667 caeli
1750 2628 1863 2667 nidos
1881 2629 1947 2668 ubi
1965 2630 2074 2680 requi

1633 2697 1788 2729 escant·
1823 2691 1928 2730 Nam
1948 2692 2046 2730 filius

1634 2753 1803 2792 hominis
1822 2766 1903 2793 non
1923 2754 2038 2793 habet

1634 2817 1701 2854 ubi
1721 2816 1849 2867 capud
1868 2817 2033 2856 declinet
2049 2838 2058 2847 ·

1633 2879 1662 2901 ⁶⁹
1671 2879 1778 2917 Dixit
1785 2886 1911 2918 autem
1919 2880 1969 2918 ad
1981 2880 2102 2919 alten-1

1636 2955 1795 2994 sequere
1816 2955 1878 2981 me
1892 2963 1901 2973 ·
1944 2943 2005 2982 ille
2025 2956 2074 2982 au

1635 3011 1714 3043 tem
1734 3005 1828 3043 dixit
1873 3005 1947 3044 dne
1967 3019 2036 3056 per

1635 3068 1741 3106 mitte
1761 3067 1854 3105 mihi
1873 3068 2042 3118 primum

2113 2251 2148 2273 *Β
2161 2252 2218 2291 Ite
2236 2265 2327 2292 ecce
2346 2266 2423 2304 ego
2442 2256 2512 2294 mit

2113 2314 2176 2354 *to
2194 2327 2268 2354 uos
2287 2317 2385 2355 sicut
2404 2329 2454 2367 ag

2113 2376 2210 2417 *nos
2231 2379 2326 2417 inter
2345 2379 2459 2429 lupos
2482 2400 2491 2410 ·

2134 2441 2149 2461 ⁴
2161 2441 2277 2479 nolite
2297 2449 2450 2492 portare

2135 2504 2332 2542 sacculum
2346 2525 2355 2534 ·
2395 2517 2489 2555 neqs

2134 2570 2266 2616 peram
2282 2587 2291 2596 ·
2332 2579 2458 2616 neque
2477 2566 2537 2606 cal

2136 2629 2327 2668 ciamenta
2343 2650 2351 2659 ·
2381 2629 2433 2668 Et
2452 2642 2501 2668 ne

2136 2691 2282 2730 minem
2300 2705 2369 2742 per
2389 2693 2494 2731 uiam

2137 2754 2386 2793 salutaueritis
2401 2775 2410 2785 ·
2440 2755 2507 2793 “in

2135 2829 2380 2868 quacumque
2400 2817 2452 2856 do

2136 2892 2245 2918 mum
2264 2881 2430 2931 primum
2452 2881 2493 2918 in

2134 2943 2322 2981 traueritis
2336 2963 2345 2972 ·
2394 2942 2508 2981 dicite

2136 3018 2213 3056 pax
2231 3005 2320 3044 huic
2340 3003 2500 3043 domui·

2137 3068 2191 3106 “et
2204 3068 2235 3106 si
2247 3068 2298 3105 ibi
2318 3066 2429 3106 suerit
2448 3065 2547 3104 filius

2616 357 2700 389 rol.
2714 350 2792 390 114.
