2872 3268
541 225 598 279 56
1385 221 1420 262 S
1422 221 1501 262 EC
1508 211 1683 262 UNDU
1690 241 1699 251 ·

345 347 426 378 Pol.
443 346 523 378 231.
540 345 635 391 qi‘im
654 341 848 380 eiecerunt
869 346 951 378 eu’·
1040 346 1077 377 et
1097 349 1192 377 oues
1212 349 1351 376 uocem
1371 337 1454 375 eius

539 403 642 442 foras
689 409 729 442 et
747 403 897 441 inuenit
1040 402 1200 440 audiunt
1213 421 1222 430 ·
1265 406 1304 438 et
1323 411 1412 438 suas
1431 412 1457 438 0

538 479 629 506 eum
649 473 688 505 et
707 467 802 505 dixit
820 466 856 504 ei
873 486 881 496 ·
912 464 977 503 Tu
1039 463 1188 502 uiculas
1207 469 1324 501 uocat
1343 474 1398 501 no

538 529 665 568 credis
684 529 725 567 in
745 529 865 566 filium
885 528 924 566 di
939 548 948 557 ·
1039 526 1216 564 minatim
1271 531 1309 563 et
1327 537 1399 575 pro

537 592 566 614 ³⁶
580 591 797 642 Respondit
815 591 867 628 illi
885 596 924 627 et
939 589 1003 628 dix
1040 589 1146 628 ducit
1161 589 1245 627 illas
1259 609 1268 618 ·
1298 588 1312 608 ⁴
1327 587 1428 626 Cum
1443 600 1494 626 au

537 655 588 693 it·
632 654 718 704 quis
737 660 795 692 est
814 653 888 690 dfie
907 658 950 690 ut
1037 658 1117 690 tem
1136 663 1232 690 oues
1252 655 1341 689 s'uas
1359 651 1418 689 eie

536 715 693 755 credam
712 716 751 753 in
775 715 881 753 illum
897 735 906 744 ·
1038 715 1132 753 cerit
1152 719 1240 752 ante
1261 714 1365 764 ipsas

535 778 679 816 ⁸⁷Dixit
691 784 821 816 autem
839 778 898 815 ihs
913 783 952 815 et
965 777 1004 814 ui
1038 776 1146 815 uadit
1158 797 1167 806 -
1208 783 1247 815 et
1265 775 1443 814 ouieulae

536 842 623 880 disti
641 853 730 879 eum
785 847 824 878 et
843 840 909 890 qui
927 839 966 878 lo
1037 839 1144 877 illum
1163 846 1346 879 secuntur
1360 860 1369 869 ·

536 905 663 955 quitur
681 910 810 942 tecum
829 903 913 953 ipse
1039 902 1129 953 quia
1149 903 1275 941 sciunt
1295 902 1378 940 eius
1396 914 1450 941 uo

536 974 595 1005 est
609 987 618 997 ·
663 966 692 987 ³⁸
705 966 773 1004 Ille
793 972 923 1004 autem
1039 977 1126 1003 cem
1144 985 1153 995 ·
1194 965 1208 986 ⁵
1221 964 1406 1003 Alienum
1425 977 1475 1003 au

342 1032 519 1076 procedent
537 1030 632 1068 dixit
651 1028 770 1068 credo
789 1029 864 1068 dfie
883 1049 892 1059 -
933 1034 972 1066 et
1038 1035 1117 1066 tem
1138 1040 1219 1066 non
1238 1034 1422 1067 secuntur

535 1092 712 1130 adorauit
730 1103 821 1129 eum
842 1112 851 1121 ·
870 1113 878 1122 ·
923 1089 1003 1121 finet
1039 1090 1108 1129 sed
1127 1089 1281 1140 fugiunt
1299 1091 1348 1129 ab
1368 1102 1416 1129 eo
1430 1110 1440 1120 ·

534 1154 642 1196 ⁸⁹†Et
654 1154 751 1192 dixit
764 1154 839 1191 ihs·
870 1154 911 1191 in
923 1153 1003 1192 iudi
1039 1153 1130 1203 quia
1149 1161 1218 1191 non
1237 1158 1457 1204 agnoscunt

534 1217 596 1255 cio
616 1229 692 1267 ego
711 1217 801 1255 ueni
819 1217 860 1255 in
883 1216 988 1255 hunc
1038 1228 1180 1255 uocem
1200 1217 1373 1255 extranei
1386 1236 1395 1245 ·
1414 1237 1422 1246 ·

534 1276 726 1318 mu'ndum
781 1286 824 1318 ut
843 1280 910 1330 qui
1038 1279 1052 1301 ⁶
1065 1279 1156 1318 Hoc
1176 1279 1428 1330 prouerbium

534 1355 617 1381 non
635 1342 771 1382 uident
789 1343 882 1381 uide
1039 1342 1134 1380 dixit
1153 1342 1225 1380 illis
1244 1342 1304 1381 ihs
1320 1363 1330 1372 ·
1371 1342 1424 1380 illi

534 1411 602 1444 ant
615 1426 623 1435 ·
665 1412 703 1444 et
722 1405 789 1456 qui
808 1405 943 1443 uident
1038 1411 1169 1443 autem
1188 1414 1271 1443 non
1290 1416 1422 1454 cogno

534 1468 640 1507 caeci
661 1468 754 1507 fiant
770 1489 779 1499 ·
808 1467 838 1490 ⁴⁰
849 1468 899 1506 Et
919 1480 969 1507 au
1036 1474 1176 1506 uerunt
1194 1479 1292 1518 quae
1312 1473 1440 1506 essent

535 1531 687 1570 dierunt
706 1544 755 1570 ex
776 1531 923 1570 fariseis
1037 1542 1113 1581 que
1133 1530 1285 1569 locutus
1303 1537 1360 1569 est
1378 1530 1434 1568 eis

535 1619 633 1658 haec
650 1641 658 1650 -
694 1619 760 1669 qui
780 1631 870 1658 cum
889 1619 977 1670 ipso
1038 1618 1173 1656 ⁷Dixit
1193 1630 1287 1669 ergo
1307 1619 1361 1657 eis
1381 1618 1480 1657 iteri-1

534 1688 643 1721 erant
663 1688 701 1720 et
720 1682 903 1720 dixerunt
1039 1680 1099 1718 ihs
1112 1701 1122 1710 ·
1161 1693 1276 1719 amen
1296 1694 1411 1720 amen

534 1745 570 1783 ei
586 1765 596 1775 ·
637 1745 826 1795 numquid
845 1751 883 1783 et
902 1757 976 1791 nos
1040 1743 1129 1782 dico
1149 1744 1264 1783 uobis
1318 1745 1410 1794 quia
1429 1756 1506 1795 ego

536 1807 643 1846 caeci
663 1820 797 1846 sumus
814 1828 823 1838 ·
852 1807 881 1830 ⁴¹
895 1808 1005 1847 Dixit
1039 1818 1126 1844 sum
1145 1807 1261 1845 ianua
1279 1808 1415 1845 ouium
1431 1828 1440 1838 ·

537 1871 594 1909 eis
613 1870 672 1908 ihs
692 1871 726 1909 si
746 1871 851 1909 caeci
872 1871 1006 1910 essetis
1039 1869 1053 1890 ⁸
1065 1881 1203 1907 omnes
1223 1870 1438 1920 quodquod

537 1945 621 1972 non
640 1933 831 1971 haberetis
850 1946 923 1984 pec
1039 1938 1232 1970 uenerunt
1250 1932 1353 1971 fures

538 2002 669 2034 catum
684 2016 693 2026 ·
737 2008 842 2034 nunc
863 1999 952 2034 aute
1042 2001 1131 2032 sunt
1150 2000 1189 2032 et
1207 1994 1377 2034 latrones
1391 2016 1400 2026 ·

540 2059 665 2097 dicitis
684 2058 775 2108 quia
793 2058 971 2098 uidemus
1043 2058 1112 2096 sed
1132 2069 1213 2095 non
1233 2058 1438 2097 audierunt

538 2128 742 2172 peccatum
761 2125 890 2159 uestrfi
1043 2132 1112 2158 eos
1132 2132 1228 2159 oues
1242 2141 1251 2150 ·
1280 2121 1294 2142 ⁹
1305 2121 1395 2171 Ego
1410 2125 1455 2159 ssi

568 2202 622 2218 ψ
649 2190 783 2222 manet
811 2201 866 2218 ω
1044 2182 1159 2220 ianua
1173 2204 1181 2213 ·
1215 2195 1285 2233 per
1297 2196 1360 2222 me
1376 2184 1407 2221 si
1423 2184 1509 2235 quis

503 2249 522 2271 *
538 2250 605 2285 10.
625 2245 770 2284 1Amen
793 2258 907 2284 amen
920 2245 1009 2284 dico
1044 2245 1229 2283 introierit
1248 2246 1397 2284 saluabi

500 2313 520 2335 *
540 2309 654 2347 uobis
713 2308 779 2359 qui
798 2320 881 2346 non
901 2309 941 2346 in
1044 2314 1105 2345 tur
1121 2327 1130 2336 ·
1174 2314 1211 2345 et
1231 2307 1402 2346 introibit

502 2377 523 2400 *
541 2378 615 2409 trat
634 2383 705 2422 per
723 2371 882 2409 ianuam
1043 2376 1081 2407 et
1100 2369 1202 2407 exiet
1220 2376 1259 2407 et
1277 2382 1425 2419 pascua

504 2438 524 2460 *
542 2435 581 2472 in
601 2434 764 2472 cohorte
783 2434 919 2472 ouium
1044 2432 1214 2469 inueniet
1231 2452 1240 2461 ·
1270 2431 1299 2452 ¹⁰
1315 2432 1392 2470 Fur
1410 2445 1492 2471 non

505 2503 524 2525 *
543 2496 613 2535 sed
632 2496 806 2534 ascendit
825 2496 932 2535 aliun
1044 2494 1173 2532 ueniet
1193 2494 1268 2532 nisi
1286 2500 1328 2532 ut
1347 2494 1430 2533 fure

507 2568 527 2590 *
545 2558 594 2597 de
649 2559 712 2597 ille
732 2558 792 2596 fur
812 2565 872 2597 est
890 2565 927 2596 et
947 2558 984 2597 la
1045 2562 1105 2594 tur
1125 2562 1163 2595 et
1183 2557 1339 2595 occidat
1357 2564 1396 2595 et
1414 2570 1485 2608 per

543 2627 603 2659 tro
620 2641 628 2651 ·
669 2619 760 2671 ²qui
780 2627 910 2659 autem
930 2622 970 2659 in
1046 2619 1114 2658 dat
1129 2640 1139 2650 ·
1180 2619 1269 2670 Ego
1288 2620 1379 2658 ueni
1397 2627 1438 2658 ut
1458 2620 1498 2658 ui

545 2688 619 2719 trat
638 2695 707 2732 per
724 2684 881 2721 ianuam
1046 2689 1127 2721 tam
1147 2682 1318 2721 habeant
1337 2690 1374 2721 et
1394 2682 1445 2721 ha

546 2743 609 2782 hic
630 2752 761 2794 pastor
774 2752 831 2783 est
844 2747 968 2784 ouiu-
983 2767 992 2777 ·
1045 2741 1282 2784 bundantius
1300 2746 1403 2784 habe

548 2806 561 2826 ³
575 2806 663 2845 huic
683 2808 857 2847 ostiarius
876 2810 997 2860 aperit
1047 2815 1115 2847 ant
1126 2829 1152 2839 ··
1167 2807 1272 2859 1¹ego
1285 2820 1371 2847 sum
1383 2814 1515 2859 pastor

2282 224 2492 269 [1x;35-x.
2511 202 2563 260 ξι.
