2872 3268
259 214 357 246 xm.
376 211 501 255 8-30.]
1090 205 1179 245 MA
1193 198 1406 245 TTHE'IJ
1417 227 1426 236 ·
2216 222 2235 251 1
2246 221 2268 264 7

67 321 152 354 1¹01.
167 321 225 354 ³2.

258 321 405 359 bonam
446 327 485 360 et
505 321 652 360 dabunt
748 323 850 359 ‘tum
869 327 926 359 est
945 320 1050 359 enirn
1069 332 1139 361 cor
1255 326 1257 328 “
1297 320 1363 370 qui
1382 320 1545 358 uerbum
1564 325 1655 359 meu
1702 312 1706 317 ’
1798 320 2002 359 seminauit
2021 323 2127 362 bom-1

2281 334 2362 368 1⁸01.
2378 335 2439 367 33.

257 383 427 423 fructum
469 396 570 434 quae

258 447 352 486 dam
371 436 586 486 centesimfi
601 465 610 474 ·

257 509 310 548 Et
329 509 432 548 aliud
453 510 660 559 sexagensi

258 584 368 611 mum
385 590 393 599 ·
433 572 485 611 Et
503 572 607 612 aliud

257 635 494 673 tricesimum
510 652 519 661 ·

257 697 272 718 ⁹
284 697 351 748 qui
370 696 486 737 habet
505 709 618 737 aures

258 759 439 798 audiendi
463 760 615 799 audiat·

258 822 288 844 ¹⁰
298 822 350 862 Et
369 823 599 862 accedentes
621 823 672 862 ad

258 897 349 924 eum
369 884 568 936 discipuli·

257 948 434 986 dixerunt
452 948 488 986 ei
530 959 608 998 qua

255 1023 298 1050 re
315 1010 356 1049 in
375 1011 568 1061 parabolis

256 1073 427 1124 loqueris
445 1074 501 1111 eis
517 1091 524 1099 ·

258 1135 346 1174 uAt
363 1136 446 1186 ipse
466 1148 612 1187 respon

259 1198 359 1238 dens
382 1199 434 1237 ait
452 1199 525 1237 illis
540 1215 548 1224 ·
591 1199 682 1250 quia

259 1262 372 1300 uobis
392 1261 524 1300 datum
543 1268 602 1300 est

259 1336 377 1363 nosse
396 1325 580 1374 mysterii-1

259 1388 370 1437 regni
389 1387 584 1426 caelorum
597 1405 605 1414 ·

260 1450 331 1488 illis
351 1457 481 1488 autem
503 1461 585 1488 non

260 1519 319 1552 est
337 1513 470 1551 datum
488 1530 496 1539 ·
525 1511 554 1533 ¹²
565 1513 631 1564 qui

261 1600 366 1640 enim
385 1600 502 1639 habet
521 1600 611 1640 dabi

259 1670 321 1702 tur
339 1664 374 1702 ei
412 1670 450 1702 et
467 1664 624 1702 abunda

261 1727 317 1765 bit
339 1726 390 1765 illi
407 1744 415 1752 ·
459 1727 525 1777 qui
544 1730 631 1764 aute

262 1801 344 1828 non
363 1789 505 1827 habet·
535 1795 573 1827 et
592 1787 692 1839 quod

262 1851 380 1907 habet
399 1851 591 1890 auferetur

262 1914 313 1952 ab
332 1926 380 1953 eo
394 1934 402 1943 ·
431 1913 460 1935 ¹³
472 1914 568 1952 Ideo
589 1914 629 1952 in
648 1927 700 1965 pa

261 1968 402 2008 rabolis
422 1969 559 2019 loquor
583 1975 596 1989 ·

261 2031 336 2070 illis
350 2049 358 2058 ·
399 2035 494 2082 qum
517 2031 635 2070 uiden

260 2099 320 2132 tes
340 2106 421 2133 non
440 2093 573 2132 uident
589 2112 597 2120 ·

259 2156 312 2195 Et
325 2156 524 2195 audientes
543 2169 624 2196 non

260 2219 443 2259 audiunt·
484 2231 610 2270 neque

259 2283 486 2333 intellegunt
500 2301 508 2309 ·
537 2282 567 2304 ¹⁴
580 2283 633 2322 Et

261 2346 463 2396 conpletur
480 2345 552 2385 illis
567 2367 576 2377 ·

261 2408 446 2460 profetiae
461 2410 613 2449 aesaiae

262 2471 427 2510 dicentis
441 2490 449 2499 ·
496 2475 506 2492 ‘
518 2472 624 2511 Audi

249 2537 311 2572 ‘tu
329 2535 491 2574 audietis
506 2552 515 2560 ·
544 2542 584 2575 et
603 2548 685 2574 non

248 2597 493 2647 ‘intellegetis
509 2615 516 2624 -
558 2605 597 2637 et

247 2669 257 2686 ‘
271 2659 450 2698 'uidentes
469 2660 599 2698 uidebi

246 2725 256 2743 ‘
269 2722 339 2761 tis·
383 2728 422 2761 et
440 2734 523 2760 non
540 2722 671 2761 uidebi

247 2789 257 2807 ‘
269 2784 358 2824 bitis
374 2802 382 2811 ·
424 2783 455 2806 ¹⁶
466 2784 639 2825 incrassa

747 375 901 425 ‘populi
925 375 1058 414 huius·

747 440 756 457 ‘
769 436 819 475 Et
838 437 991 476 auribus
1007 438 1118 487 graui

746 503 825 538 ‘ter
843 500 1045 538 audierunt
1060 518 1068 527 ·

747 561 819 599 ‘Et
837 562 973 600 oculos
992 574 1084 601 suos
1103 574 1173 613 gra

745 626 956 663 ‘uauerunt
970 642 978 651 ·
1022 637 1072 663 ne

743 689 754 708 ‘
767 687 926 737 quando
947 687 1107 727 uideant

746 749 889 788 ‘oculis
903 767 911 776 ·
952 756 991 788 et
1010 750 1092 788 auri

744 814 754 832 ‘
767 813 839 851 bus
858 813 1038 852 audiant·
1082 820 1121 852 et

746 878 755 894 ‘
768 875 885 914 corde
903 876 1124 926 intellegant

745 940 755 957 ‘
768 944 807 977 et
826 945 1101 977 conuertantur

745 1003 755 1020 ‘
767 1007 806 1039 et
825 1013 959 1040 sanem
978 1014 1046 1041 eos
1067 1020 1107 1031 ·-

761 1061 790 1084 ¹⁶
801 1062 931 1102 Uestri
950 1071 1079 1103 autem
1099 1065 1148 1104 be

761 1127 813 1165 ati
831 1127 934 1165 oculi
974 1132 1069 1177 qssm

761 1189 894 1228 uident
907 1207 915 1215 ·
961 1197 1000 1228 et
1019 1198 1124 1230 aurefl

763 1256 859 1302 qum
878 1252 1038 1291 audiun't
1053 1271 1061 1279 ·

764 1314 793 1336 ¹⁷
805 1314 936 1353 Amen
958 1323 1088 1354 autem
1112 1316 1150 1355 di

765 1390 814 1416 co
831 1378 966 1417 uobis·
1011 1383 1107 1429 qum

765 1440 876 1478 multi
897 1441 1070 1491 profetae

766 1509 804 1541 et
823 1503 911 1542 iusti
952 1504 1065 1554 cupie

765 1596 854 1628 runt
875 1590 1006 1630 uidere
1028 1604 1127 1642 quae

766 1653 903 1692 uidetis
922 1661 961 1692 et
980 1667 1063 1693 non

766 1715 943 1755 uiderunt
958 1737 966 1746 ·
1009 1716 1061 1758 Et
1079 1729 1128 1756 au

767 1778 847 1816 dire
866 1791 965 1829 quae
985 1780 1121 1818 auditis
1135 1798 1143 1806 ·

766 1847 805 1878 et
827 1853 908 1880 non
932 1842 1135 1881 audierunt
1149 1860 1157 1868 ·

765 1902 794 1923 ¹⁸
807 1902 892 1941 Uos
912 1916 1006 1954 ergo
1027 1905 1154 1944 audite

766 1966 993 2016 parabolam
1013 1968 1109 2005 semi

766 2029 894 2067 nantis
908 2046 916 2054 ·
947 2026 976 2050 ¹⁹
991 2028 1134 2069 Omnis

765 2091 952 2129 audientis
971 2093 1091 2130 uerbfi

765 2155 874 2204 regni
893 2160 932 2192 et
950 2167 1032 2192 non
1051 2155 1092 2193 in

765 2216 978 2267 tellegentis
995 2234 1002 2242 ·
1043 2230 1092 2257 ue

766 2280 821 2318 nit
840 2280 965 2319 malus
983 2287 1021 2319 et
1038 2281 1139 2331 rapit

766 2343 874 2395 quod
894 2344 1083 2383 seminati-1

766 2414 824 2447 est
843 2407 884 2446 in
903 2407 1021 2447 corde
1039 2408 1107 2447 illo

767 2483 855 2509 rum
871 2487 879 2496 ·
921 2471 984 2510 hic
1005 2478 1064 2510 est

769 2534 835 2585 qui
854 2545 965 2572 secus
983 2534 1087 2572 uiam
1107 2546 1147 2573 se

770 2599 937 2637 minatus
956 2603 1014 2636 est
1030 2616 1038 2624 ·

769 2660 800 2683 ²⁰
813 2661 893 2708 Qui
912 2666 1041 2698 autem
1061 2672 1176 2711 supra

771 2730 927 2774 petrosa
945 2723 1094 2762 semina

773 2793 836 2825 tus
856 2792 938 2825 est·
980 2785 1043 2824 hic
1063 2791 1121 2825 est

1298 382 1404 420 audit
1439 389 1478 420 et
1495 383 1615 421 intelli

1299 444 1354 494 git
1368 461 1377 469 ·
1420 453 1459 483 et
1478 445 1663 484 continuo

1299 518 1390 545 cum
1407 507 1551 556 gaudio
1571 508 1654 546 acci

1299 568 1355 619 pit
1372 569 1487 607 illud·
1527 567 1555 589 ²¹
1568 582 1649 609 non
1668 569 1720 608 ha

1299 631 1364 670 bet
1387 636 1515 669 autem
1534 632 1574 669 in
1593 644 1635 671 se

1299 693 1470 732 radicem
1493 694 1562 733 sed
1582 697 1618 732 te

1300 756 1444 806 poralis
1463 763 1522 795 est
1539 773 1546 782 ·
1588 756 1668 796 Fac

1300 824 1339 857 ta
1362 825 1491 858 autem
1513 820 1614 858 tribu

1300 882 1442 921 latione
1462 882 1526 920 uel
1545 895 1614 933 per

1301 945 1497 984 secutione
1520 957 1618 996 prop

1301 1015 1357 1047 ter
1376 1009 1538 1046 uerbum
1553 1029 1561 1038 ·

1300 1071 1488 1109 continuo
1509 1082 1605 1109 scan

1301 1132 1483 1171 dalizatur
1499 1153 1507 1162 ·
1536 1131 1565 1152 ²²
1576 1133 1628 1171 At

1301 1196 1361 1234 his
1401 1196 1467 1246 qui
1486 1196 1526 1233 in
1547 1196 1666 1246 spinis

1301 1259 1510 1297 seminatus
1533 1265 1591 1298 est

1303 1321 1364 1359 hic
1385 1327 1443 1360 est
1462 1321 1527 1371 qui
1547 1333 1616 1359 uer

1302 1385 1398 1422 bum
1417 1395 1550 1421 meum
1570 1395 1619 1421 au

1304 1447 1360 1486 dit
1375 1466 1383 1476 ·
1425 1451 1462 1484 et
1485 1445 1647 1483 sollicitu

1303 1509 1360 1548 do
1375 1508 1493 1547 seculi
1512 1508 1623 1546 huius

1307 1604 1344 1637 et
1362 1596 1544 1646 uoluptas
1565 1595 1642 1634 diui

1305 1660 1443 1699 tiarum
1463 1659 1628 1697 suffucat

1305 1723 1468 1760 uerbum
1506 1727 1544 1759 et
1557 1720 1637 1758 sine

1306 1785 1431 1823 fructu
1450 1783 1611 1821 efficitur
1627 1804 1634 1813 ·
1654 1804 1662 1813 ·
1677 1804 1706 1813 -

1305 1847 1334 1869 ²³
1347 1847 1413 1897 qui
1431 1858 1526 1884 uero
1550 1845 1590 1883 in
1609 1852 1665 1884 ter

1305 1921 1390 1948 ram
1409 1910 1556 1947 bonam
1571 1920 1612 1947 se

1306 1972 1472 2010 minatus
1491 1976 1550 2009 est
1565 1988 1574 1996 ·

1306 2034 1366 2072 hic
1387 2040 1446 2072 est
1459 2035 1526 2083 qui
1544 2033 1666 2070 uerbi-1

1306 2109 1438 2134 meum
1457 2095 1563 2134 audit
1577 2102 1614 2133 et

1305 2159 1478 2208 intelligit
1494 2176 1502 2184 ·
1545 2165 1636 2197 tunc

1307 2222 1417 2260 affert
1435 2227 1474 2259 et
1492 2220 1582 2259 facit

1307 2284 1409 2323 aliud
1428 2284 1585 2335 quidem
1606 2295 1681 2322 cen

1306 2348 1508 2387 tessimum
1524 2364 1532 2372 ·
1566 2345 1668 2385 aliud

1309 2410 1595 2461 sexagesimum
1611 2427 1619 2435 ·
1662 2421 1686 2447 a

1309 2473 1388 2512 liud
1406 2473 1641 2511 tricesimum
1656 2489 1722 2506 aa

1276 2538 1296 2561 *
1309 2534 1338 2558 ²⁴
1350 2537 1479 2575 Aliam
1498 2535 1712 2586 parabola*

1279 2597 1298 2620 *
1311 2599 1513 2649 proposuit
1531 2598 1605 2636 illis

1279 2661 1298 2682 *
1312 2662 1446 2700 dicens
1459 2678 1468 2686 ·
1514 2661 1646 2699 Simile

1276 2725 1298 2750 *
1312 2731 1370 2763 est
1386 2735 1550 2774 regnum
1570 2723 1680 2762 caelo

1309 2799 1396 2826 rum
1416 2786 1566 2827 homini
1588 2788 1653 2837 qui

1800 395 1935 421 semen
1954 384 1994 421 in
2009 397 2104 435 agro

1802 457 1874 483 suo
1890 462 1898 470 ·
1943 443 1973 467 ²⁵
1987 446 2087 485 Cum
2108 452 2195 487 aute

1804 507 2017 547 dormirent
2037 509 2089 547 ho

1803 570 1951 608 mines·
1992 572 2129 610 ueniti

1803 633 1969 672 nimicus
1989 634 2070 672 eius

1804 701 1842 733 et
1861 695 2066 734 seminauit

1804 758 1948 797 zizania
1966 759 2006 796 in
2025 760 2156 799 medio

1803 821 1914 859 tritici
1954 827 1992 859 et
2011 822 2124 860 abiit·

1803 882 1832 904 ²⁶
1845 883 1945 922 Cum
1965 891 2094 923 autem
2114 897 2179 924 cre

1803 946 1948 984 uissent
1968 946 2089 985 herba

1804 1014 1842 1047 et
1862 1007 2026 1047 fructum
2047 1009 2141 1048 fecis

1804 1077 1910 1109 sent·
1949 1076 2042 1110 tunc
2062 1083 2167 1122 appa

1804 1139 1961 1171 ruerunt
1980 1133 2127 1172 zizania
2145 1150 2154 1159 ·

1805 1194 2079 1234 ²⁷Acceserunt
2099 1199 2187 1235 aute

1806 1258 1907 1296 serui
1926 1258 2044 1308 patris
2064 1258 2102 1297 fa

1806 1321 1931 1359 milias
1970 1326 2008 1359 et
2027 1321 2116 1359 dixe

1806 1389 1894 1421 runt
1913 1382 1948 1421 ei
1963 1400 1971 1409 ·
2024 1384 2101 1422 dfie
2121 1395 2202 1422 non

1806 1457 1854 1483 ne
1874 1446 2021 1483 bonum
2041 1457 2176 1483 semen

1807 1507 2004 1546 seminasti
2023 1507 2063 1545 in
2082 1519 2177 1557 agro

1808 1602 1897 1634 tuo·
1941 1595 2045 1633 unde
2064 1607 2158 1646 ergo

1806 1657 1923 1696 habet
1943 1657 2088 1695 zizania
2103 1675 2112 1683 ·

1807 1719 1835 1741 ²⁸
1848 1720 1899 1758 At
1914 1720 1975 1758 ille
1995 1719 2046 1758 ait
2057 1720 2111 1758 eis
2124 1737 2133 1746 ·
2153 1719 2261 1758 inimi

1808 1795 1877 1821 cus
1898 1782 2017 1821 homo
2038 1782 2113 1820 hoc
2133 1781 2169 1820 fe

1809 1846 1861 1883 cit
1877 1862 1885 1871 ·
1927 1844 2034 1883 Serui
2055 1847 2143 1882 aute

1811 1908 1988 1946 dixerunt
2011 1907 2046 1944 ei
2064 1923 2072 1932 ·
2110 1907 2170 1944 uis

1809 1981 1904 2020 ergo
1924 1976 2059 2008 euntes
2079 1969 2142 2008 col

1808 2032 1974 2082 ligamus
1994 2044 2041 2070 ea
2053 2049 2061 2058 ·
2103 2029 2132 2052 ²⁹
2144 2031 2197 2070 At

1810 2095 1871 2133 ille
1892 2095 1943 2133 ait
1956 2112 1964 2120 ·
2006 2106 2088 2132 non
2102 2111 2110 2120 ·
2152 2106 2202 2132 ne

1811 2157 1908 2196 sorte
1928 2156 2153 2206 colligentes

1810 2219 1956 2258 zizania
1997 2219 2149 2257 eradice

1811 2283 1859 2321 tis
1879 2281 1992 2320 simul
2011 2287 2048 2319 et
2067 2282 2142 2319 triti

1812 2356 1902 2384 cum
1918 2364 1926 2373 ·
1966 2343 1995 2365 ⁸⁰
2007 2343 2125 2381 Sinite
2144 2356 2172 2382 u

1810 2415 1945 2458 traque
1965 2418 2135 2445 crescere

1812 2482 1936 2521 usque
1956 2469 2006 2507 ad
2029 2480 2198 2507 messem
2213 2486 2222 2496 ·

1812 2533 1863 2571 Et
1882 2533 1922 2570 in
1940 2538 2114 2582 tempore
2132 2544 2216 2570 mes

1812 2596 1864 2635 sis
1909 2594 2049 2633 Dicam
2071 2606 2155 2633 mes

1814 2659 1963 2698 soribus
1979 2675 1987 2683 ·
2030 2657 2158 2707 colligi

1814 2729 1851 2761 te
1871 2723 2040 2772 primum
2055 2720 2136 2759 ziza

1816 2785 1881 2823 nia
1899 2791 1937 2823 et
1956 2784 2106 2834 alligate
2129 2795 2177 2824 ea

2043 2869 2069 2895 D
