2872 3268
542 219 626 259 114

327 326 408 360 Fol.
424 328 506 360 158·
534 331 661 376 potest
680 324 828 364 remitte

533 399 575 426 re
595 392 758 438 peccata
778 387 850 425 nisi

533 449 638 489 solus
658 449 703 487 ds
720 470 729 480 -
785 448 800 470 ⁸
812 460 891 499 quo

533 512 692 562 cognito
711 512 770 550 ihs
788 511 828 549 in
848 513 920 560 spu

533 574 625 625 quid
645 574 855 624 cogitarent

531 637 631 675 intra
651 648 693 675 se
753 635 847 673 dixit
865 634 890 672 il

531 699 577 737 lis
593 719 602 729 ·
658 698 753 748 quid
773 697 902 747 cogita

531 762 579 800 tis
599 761 670 799 ista
688 761 728 797 in
748 758 855 798 cordi

530 825 602 862 bus
621 822 757 861 uestris
772 843 779 851 -
793 843 821 850 —

529 887 543 907 ⁹
556 885 660 932 Quid
679 890 735 923 est
754 883 905 922 facilius

527 948 655 986 dicere
675 946 834 997 paralyti

528 1021 576 1048 co
597 1009 837 1047 dimittuntur

526 1072 594 1110 tibi
613 1077 774 1122 peccata
793 1077 860 1109 tua
877 1091 885 1100 ·

526 1135 605 1172 Aut
628 1134 754 1172 dicere
776 1146 839 1172 sur

526 1209 575 1247 ge
596 1196 684 1236 tolle
704 1197 865 1234 crabatfi

525 1266 634 1297 tuum
653 1265 690 1297 et
706 1258 863 1297 ambula
876 1279 884 1288 ·

525 1320 555 1343 ¹⁰
567 1321 621 1359 Ut
641 1327 770 1360 autem
791 1321 919 1359 sciatis

524 1385 711 1435 quoniam
730 1392 843 1434 potes

523 1453 643 1485 tatem
662 1446 780 1485 habet
799 1446 899 1484 filius

523 1509 695 1548 hominis
710 1509 820 1548 remit

523 1572 630 1611 tendi
649 1579 812 1622 peccata

523 1659 590 1698 Ait
604 1659 815 1710 paralytico

523 1721 552 1743 ¹¹
566 1722 633 1760 tibi
653 1722 741 1760 dico
797 1733 910 1771 surge

523 1785 612 1824 tolle
628 1785 828 1823 crabatum
936 1788 938 1791 ’

524 1854 634 1886 tuum
654 1853 693 1885 et
710 1846 810 1885 uade
829 1844 863 1874 5¹¹

523 1909 687 1948 domum
706 1916 815 1948 tuam

522 1970 551 1992 ¹²
563 1972 632 2010 Ille
651 1979 781 2010 autem
801 1984 865 2010 sur

521 2046 619 2084 gens
639 2035 721 2072 tulit
744 2035 862 2073 craba

520 2104 604 2135 tum
624 2109 757 2136 coram
778 2109 844 2135 om

520 2159 635 2198 nibus
654 2164 691 2197 et
711 2159 801 2197 abiit

520 2221 571 2259 ita
590 2227 631 2259 ut
651 2221 868 2260 admiraren

519 2291 580 2322 tur
599 2295 736 2322 omnes

519 2353 557 2385 et
578 2343 881 2385 honorificarent

522 2409 589 2446 dm
609 2409 785 2447 dicentes
800 2429 809 2437 ·

522 2471 611 2520 quia
630 2482 845 2521 numquam

522 2532 645 2571 taliter
664 2533 806 2571 uidisse
826 2545 867 2571 se
884 2553 893 2563 ·
911 2553 920 2562 ·
940 2549 994 2567 „a

551 2612 606 2627 Φ
880 2613 934 2630 Φ

715 2613 769 2630 Φ

495 2655 517 2681 *
530 2655 609 2694 1³Et
627 2658 810 2707 processit
832 2670 895 2696 rur

495 2718 517 2742 *
532 2730 596 2756 sus
616 2720 665 2757 ad
684 2732 789 2759 mare
806 2742 814 2751 -
841 2743 848 2751 ·

496 2780 518 2804 *
532 2781 733 2830 omnisque
752 2784 862 2822 turba

498 2842 520 2866 *
534 2844 739 2881 ueniebant
757 2845 806 2882 ad
824 2853 906 2883 eu-

528 2910 565 2942 et
585 2904 750 2944 docebat
768 2918 835 2944 eos

1449 205 1609 247 SECD
1622 226 1630 237 ·

1039 322 1069 344 ¹⁴
1078 321 1128 360 Et
1147 333 1238 360 cum
1257 321 1472 371 praeteriret

1036 384 1130 423 uidit
1150 383 1225 421 leui
1244 382 1329 421 alfei

1036 446 1236 485 sedentem
1255 458 1278 484 a
1298 445 1376 485 telo

1035 520 1155 547 neum
1204 514 1242 546 et
1261 508 1336 546 ailli
1357 520 1398 547 se

1035 583 1150 622 quere
1169 582 1232 609 me
1289 577 1326 609 et
1346 583 1410 610 sur

1033 645 1130 684 gens
1151 639 1305 672 secutus
1324 639 1383 672 est

1032 708 1123 734 eum
1139 717 1148 726 ·
1196 695 1226 717 ¹⁵
1238 702 1276 734 et
1296 695 1443 735 factum

1032 764 1090 797 est
1109 758 1339 797 discumben

1032 827 1070 860 te
1088 821 1153 860 illo
1172 822 1213 859 in
1232 821 1352 860 domo

1032 884 1114 923 eius
1128 904 1137 914 ·
1181 889 1218 922 et
1237 883 1348 921 multi

1030 946 1226 997 puplicani
1245 952 1282 985 et
1300 958 1374 997 pec

1032 1015 1184 1048 catores
1205 1009 1320 1047 simul

1030 1072 1310 1111 recumbebant
1330 1075 1379 1110 οῦ

1030 1134 1098 1173 ihu
1117 1140 1155 1173 et
1174 1133 1352 1185 discipuli

1031 1197 1113 1235 eius
1167 1197 1291 1235 Erant
1310 1201 1374 1235 eni

1031 1259 1140 1298 multi
1161 1259 1226 1310 qui
1246 1259 1356 1298 secuti
1376 1265 1465 1297 sunt

1031 1333 1122 1361 eum
1177 1320 1205 1343 ²⁶
1216 1321 1268 1360 Et
1287 1321 1410 1361 scribe

1031 1390 1070 1423 et
1087 1383 1239 1422 farisaei
1253 1383 1374 1422 uiden

1030 1453 1087 1485 tes
1106 1447 1213 1485 illum
1232 1446 1381 1485 mandu

1030 1515 1186 1549 cantem
1206 1521 1296 1548 cum
1315 1522 1390 1560 pec

1030 1572 1224 1611 catoribus
1243 1577 1281 1610 et
1300 1584 1353 1622 pu

1028 1661 1190 1711 plicanis
1207 1681 1215 1691 ·
1258 1660 1442 1699 dicebant

1029 1723 1224 1774 discipulis
1243 1723 1324 1761 eius

1028 1797 1147 1835 quare
1168 1797 1259 1824 cum
1278 1784 1386 1835 pupli

1029 1848 1137 1887 canis
1156 1854 1194 1887 et
1213 1854 1377 1898 peccato

1027 1911 1133 1950 ribus
1152 1911 1362 1950 manducat

1028 1980 1066 2012 et
1084 1974 1212 2013 bibet·
1255 1972 1285 1994 ²⁷
1296 1974 1347 2011 Et
1366 1985 1457 2012 cum

1028 2037 1196 2075 audisset
1214 2036 1272 2075 ihs
1293 2037 1343 2075 ait
1359 2057 1368 2066 ·

1027 2111 1109 2138 non
1127 2105 1244 2150 egent
1261 2098 1378 2138 fortes

1028 2161 1201 2200 medicos
1221 2162 1290 2200 sed
1309 2162 1375 2211 qui

1027 2224 1129 2261 male
1149 2223 1294 2262 habent
1306 2244 1315 2253 ·

1026 2298 1109 2324 non
1126 2286 1216 2324 ueni
1235 2298 1375 2325 uocare

1026 2348 1148 2386 iustos
1168 2347 1236 2386 sed
1256 2360 1379 2397 pecca

1026 2415 1141 2449 tores·
1158 2431 1166 2440 ·
1182 2431 1191 2439 ·
1232 2407 1263 2430 ¹⁸
1277 2410 1329 2448 Et
1347 2416 1456 2448 erant

1028 2471 1206 2522 discipuli
1225 2471 1406 2511 iohannis

1029 2541 1067 2573 et
1086 2534 1212 2573 farisei
1232 2535 1387 2573 ieiunan

1029 2603 1086 2635 tes
1106 2603 1144 2635 et
1162 2597 1322 2635 ueniunt
1341 2603 1378 2635 et

1031 2659 1164 2698 dicunt
1182 2659 1233 2697 illi
1280 2671 1397 2710 quare

1033 2722 1209 2772 discipuli
1227 2722 1407 2760 iohannis

1032 2790 1071 2822 et
1088 2784 1316 2823 fariseorum
1334 2784 1369 2823 ie

1032 2847 1166 2885 iunant
1181 2867 1190 2877 ·
1234 2847 1290 2885 tui
1308 2858 1402 2885 uero

1031 2908 1207 2959 discipuli
1226 2921 1308 2948 non
1327 2909 1404 2948 ieiu

1574 327 1695 360 nant·
1752 320 1781 343 ¹⁹
1796 326 1835 360 et
1854 321 1905 360 ait
1925 320 1996 360 illis

1575 383 1766 434 numquid
1788 389 1952 434 possunt

1574 445 1627 484 fili
1647 446 1784 496 sponsi
1830 458 1949 496 quam

1574 507 1639 546 diu
1659 520 1749 547 cum
1768 508 1841 548 illis
1860 515 1919 548 est

1574 581 1743 620 sponsus
1762 571 1892 610 ieiuna

1572 645 1613 671 re
1627 653 1636 663 ·
1695 639 1887 684 quantum

1572 696 1757 746 temporis
1773 700 1866 735 secu

1572 756 1774 796 habuerint
1795 770 1896 809 spon

1572 831 1660 859 sum
1721 833 1803 860 non
1823 827 1987 871 possunt

1571 883 1741 922 ieiunare
1757 905 1766 914 ·
1810 882 1839 905 ²⁰
1854 883 1915 923 Ue

1571 946 1678 984 nient
1697 952 1826 985 autem
1846 947 1927 986 dies

1572 1020 1662 1047 cum
1682 1008 1873 1048 auferetur

1571 1071 1621 1110 ab
1639 1071 1693 1109 eis
1709 1083 1877 1122 sponsus

1570 1139 1609 1172 et
1627 1139 1720 1172 tunc
1738 1134 1964 1174 ieiunabunt

1569 1196 1610 1234 in
1629 1196 1692 1235 illa
1711 1196 1772 1235 die
1786 1217 1795 1227 ·
1852 1196 1881 1219 ²¹
1894 1209 2012 1236 nemo

1569 1258 1843 1298 adsumentum

1569 1321 1690 1371 panni
1709 1322 1815 1360 rudis
1835 1321 1932 1360 adsu

1568 1384 1596 1422 it
1615 1384 1849 1423 uestimento
1868 1396 1918 1422 ue

1568 1446 1638 1484 teri
1651 1467 1660 1476 ·
1717 1447 1903 1497 Alioquin

1569 1508 1690 1547 aufert
1709 1509 1847 1560 supple

1569 1577 1745 1610 mentum
1764 1584 1911 1611 nouum

1570 1671 1593 1698 a
1611 1659 1732 1698 ueteri
1751 1665 1790 1698 et
1808 1660 1917 1711 peior

1570 1723 1612 1761 fit
1632 1723 1797 1761 scissura
1813 1744 1822 1753 ·
1879 1721 1908 1745 ²2
1920 1723 1972 1762 Et

1570 1797 1690 1824 nemo
1710 1786 1824 1824 mittit
1844 1786 1940 1824 uim-1

1569 1859 1718 1886 nouum
1737 1848 1778 1886 in
1796 1855 1898 1887 utres

1569 1916 1721 1949 ueteres
1767 1910 1858 1949 Alio

1570 1972 1664 2023 quin
1684 1973 1889 2023 disrumpit

1568 2035 1703 2073 uinum
1723 2041 1826 2075 utres

1569 2103 1606 2136 et
1624 2098 1758 2136 uinum
1779 2098 1886 2137 effun

1570 2160 1681 2199 detur
1726 2167 1764 2199 et
1783 2167 1886 2199 utres

1569 2223 1749 2273 peribunt
1766 2243 1774 2253 ·
1835 2223 1911 2262 Sed

1567 2284 1703 2323 uinum
1729 2297 1878 2324 nouum

1567 2347 1608 2385 in
1626 2353 1731 2385 utres
1749 2358 1877 2386 nouos

1568 2409 1801 2448 mittendum
1821 2416 1880 2448 est

1567 2469 1596 2492 ²³
1609 2470 1660 2509 Et
1679 2471 1823 2510 factum
1843 2478 1901 2510 est
1919 2472 1970 2511 ite

1567 2545 1655 2572 rum
1702 2546 1794 2572 cum
1813 2535 1884 2573 sab

1568 2596 1667 2635 batis
1688 2597 1902 2636 ambularet

1569 2670 1639 2708 per
1658 2665 1808 2708 segetes
1822 2679 1831 2689 ·
1888 2659 1940 2697 Et

1570 2721 1744 2771 discipuli
1763 2722 1843 2760 eius

1568 2783 1638 2822 iter
1655 2783 1840 2823 facientes
1856 2805 1865 2815 ·

1568 2852 1782 2896 coeperunt
1800 2846 1900 2886 uelle

1566 2920 1608 2948 re
1627 2908 1754 2959 spicas
1771 2930 1778 2939 ·

2299 213 2362 255 [11.
2382 216 2496 257 7-111.
2514 225 2546 258 3.

2077 319 2107 343 ²⁴
2119 320 2285 372 pharisei
2304 329 2434 362 autem

2077 383 2259 422 dicebant
2278 385 2313 423 ei
2440 390 2445 391 ⁷

2078 457 2169 485 ecce
2188 447 2282 497 quid
2300 447 2444 487 faciunt

2078 509 2246 548 sabbatis
2266 510 2372 560 quod

2077 583 2160 610 non
2179 571 2270 610 licet
2323 571 2353 594 2⁵
2363 573 2416 611 Et
2435 573 2487 612 ait

2076 634 2149 672 illis
2169 646 2242 673 nec
2261 634 2338 674 hoc
2357 635 2392 674 le

2076 696 2184 746 gistis
2204 697 2310 747 quod
2329 697 2414 736 fece

2077 759 2124 796 rit
2145 758 2261 797 dauid
2309 771 2399 798 cum

2077 822 2348 860 necessitatem

2076 884 2209 922 habuit
2263 891 2301 923 et
2320 886 2420 924 esuri

2075 947 2103 984 it
2123 953 2161 984 et
2179 947 2245 996 qui
2264 959 2356 986 cum
2375 947 2441 986 illo

2075 1015 2184 1047 erant
2239 1007 2267 1031 ²⁶
2278 1021 2426 1060 quomo

2076 1071 2128 1109 do
2146 1071 2301 1110 intrauit
2320 1072 2360 1110 in
2382 1072 2434 1111 do

2074 1145 2185 1172 mum
2204 1134 2244 1173 di
2259 1156 2267 1165 -
2316 1135 2388 1173 sub
2407 1135 2457 1173 ab

2074 1196 2197 1235 iathar
2215 1197 2389 1247 principe

2075 1259 2322 1297 sacerdotum
2337 1281 2344 1290 ·
2362 1281 2370 1289 -

2074 1326 2111 1358 et
2130 1332 2252 1371 panes
2271 1333 2399 1372 propo

2074 1382 2221 1422 sitionis
2240 1384 2387 1422 mandu

2074 1446 2178 1484 cauit
2235 1458 2333 1496 quos
2353 1458 2435 1485 non

2073 1507 2215 1547 licebat
2234 1509 2268 1547 ei
2287 1509 2436 1548 mandu

2075 1583 2162 1609 care
2218 1571 2291 1610 nisi
2311 1572 2400 1611 solis

2075 1659 2342 1699 sacerdotibus
2358 1681 2368 1690 ·

2075 1727 2113 1760 et
2132 1721 2237 1760 dedit
2257 1722 2312 1760 eis
2333 1723 2399 1773 qui
2420 1727 2470 1762 cu

2073 1784 2139 1823 illo
2159 1791 2269 1823 erant
2285 1805 2294 1815 ·
2338 1783 2367 1807 ²⁷
2378 1785 2430 1824 Et
2449 1785 2489 1824 di

2075 1847 2187 1885 cebat
2206 1847 2279 1885 illis
2299 1845 2459 1886 sabbati-1

2074 1915 2231 1960 propter
2250 1909 2410 1949 homine

2074 1971 2220 2010 factum
2239 1979 2298 2011 est
2316 1994 2323 2003 ·
2383 1985 2465 2013 non

2075 2033 2196 2073 homo
2222 2041 2381 2086 propter

2075 2094 2276 2136 sabbatum
2292 2118 2301 2127 ·
2345 2095 2372 2118 ²⁸
2387 2097 2448 2136 Ita

2074 2171 2150 2209 que
2170 2160 2244 2198 diis
2262 2166 2320 2199 est
2341 2160 2438 2198 filius

2074 2221 2243 2260 hominis
2261 2223 2378 2261 etiam

2075 2284 2223 2322 sabbati
2239 2306 2247 2314 ·
2267 2306 2274 2315 ·
2293 2305 2301 2315 ·
2350 2288 2387 2323 3.
2406 2283 2419 2305 ¹
2432 2283 2482 2322 Et
2502 2284 2542 2322 in

2074 2346 2175 2384 troiit
2194 2347 2332 2385 iterum
2350 2347 2391 2384 in

2073 2419 2316 2459 synagogam
2339 2416 2377 2448 et

2072 2477 2152 2509 erat
2173 2471 2226 2509 ibi
2245 2471 2367 2511 homo
2387 2472 2441 2510 ari

2072 2532 2163 2571 dam
2183 2532 2332 2572 habens
2351 2538 2470 2573 mam-1

2070 2592 2084 2614 ²
2097 2601 2134 2633 et
2153 2596 2412 2635 obseruabant

2070 2669 2161 2695 eum
2181 2658 2212 2695 si
2233 2658 2404 2697 sabbatis

2070 2726 2220 2758 curaret
2238 2728 2280 2759 ut
2300 2733 2415 2760 accus

2069 2787 2199 2820 sarent
2217 2782 2324 2821 illum
2337 2804 2346 2814 ·

2067 2843 2082 2866 ⁸
2095 2844 2147 2883 Et
2166 2845 2217 2883 ait
2232 2845 2380 2885 homini
2398 2846 2526 2887 haben

2068 2907 2097 2946 ti
2117 2919 2277 2948 manum
2296 2908 2400 2948 arida

2562 326 2647 359 Fol.
2660 327 2743 364 159,-
