2872 3268
522 214 575 246 22
1378 200 1626 242 SECUND
1643 220 1652 231 ·
1828 216 1830 220 ·
2300 208 2407 250 [XVI.
2424 216 2533 253 3-27·

326 320 485 354 1¹01.42.
519 327 611 358 cum
631 316 779 357 tristitia
794 337 803 347 ·
834 318 848 339 ⁴
860 315 900 356 fa
1024 314 1053 337 ¹⁰
1064 314 1205 366 Neque
1224 321 1375 365 septem
1394 326 1447 366 pa
1562 314 1641 353 uiui
1658 334 1668 345 ·
1710 312 1741 336 ¹⁷
1752 320 1791 353 et
1810 324 1955 365 respon
2065 324 2155 352 eum
2174 321 2305 365 petrus
2324 327 2396 356 coe
2553 319 2634 351 ποι.
2646 319 2710 357 43.

518 381 620 420 ciem
638 392 734 431 ergo
754 380 851 419 caeli
870 386 938 419 n⁰s
1022 389 1094 417 nes
1154 384 1192 416 et
1211 384 1346 427 quattu
1561 375 1659 415 dens
1678 376 1739 416 ihs
1758 376 1853 415 dixit
1871 377 1930 416 ei·
2065 377 2121 427 pit
2140 377 2339 428 increpare
2358 379 2394 417 ei
2450 400 2453 401 ν

518 443 567 482 tis
586 443 788 482 aestimare
803 462 812 473 ·
1021 452 1066 479 or
1085 437 1188 478 milia
1207 439 1370 479 hominu
1560 439 1699 478 beatus
1718 451 1761 478 es
1780 439 1909 479 simon
2065 437 2199 478 dicens
2215 459 2224 470 ·
2253 441 2395 491 propiti

519 505 640 556 Signa
660 512 790 544 autem
809 510 888 543 tem
1021 507 1060 540 et
1079 501 1186 552 quod
1205 514 1299 552 spor
1560 501 1722 541 bariona
1735 522 1744 533 ·
1773 502 1865 552 quia
1883 514 1931 540 ca
2066 512 2112 539 us
2131 508 2215 541 esto
2234 502 2312 541 dfie
2325 523 2335 533 ·
2364 515 2457 542 nam

517 580 660 619 porum
680 580 760 607 non
782 579 836 618 po
1021 570 1079 602 tas
1098 564 1284 603 sumsistis
1297 584 1307 594 ·
1559 575 1604 602 ro
1622 570 1661 602 et
1679 565 1837 615 sanguis
1856 570 1932 603 n⁰n
2066 576 2147 603 non
2166 564 2290 603 eritibi
2308 564 2384 605 hoc
2398 587 2408 596 ·

517 631 623 669 testis
637 650 647 660 ·
678 641 823 680 genera
1021 623 1048 646 ²¹
1062 625 1276 674 Quomodo
1295 638 1376 666 non
1394 627 1435 665 in
1559 626 1741 665 reuelabit
1759 627 1827 665 tibi
1839 647 1849 657 ·
1880 626 1960 666 Sed
2065 624 2094 647 ²³
2106 626 2159 666 At
2178 627 2260 677 ipse
2279 640 2492 668 conuersus

517 693 570 731 tio
590 691 693 730 mala
712 698 750 730 et
768 689 899 730 adulte
1019 687 1186 739 telligitis
1205 689 1297 739 quia
1560 695 1671 740 pater
1693 701 1805 728 meus
1824 689 1890 740 qui
2066 688 2162 728 dixit
2180 696 2291 740 petro
2304 711 2313 720 ·
2342 703 2393 729 ua

516 767 560 793 ra
579 754 731 804 signum
750 765 850 803 quae
1021 758 1090 789 non
1110 751 1160 790 de
1179 764 1281 802 pane
1301 751 1381 791 dixi
1398 764 1452 792 uo
1559 752 1600 790 in
1619 751 1735 791 caelis
1755 757 1814 790 est
1829 771 1838 783 ·
1876 750 1904 773 ¹⁸
1919 758 1958 790 et
1977 763 1998 790 e
2066 751 2115 789 de
2135 758 2224 802 post
2242 764 2306 791 me
2320 773 2329 783 ·
2359 760 2443 800 sata

516 817 563 856 rit
582 823 620 855 et
639 816 793 866 signum
813 822 888 854 n0n
1020 814 1079 852 bis
1099 813 1309 854 adtendere
1324 835 1334 845 ·
1559 826 1612 865 go
1633 813 1722 854 dico
1740 815 1834 853 tibi·
1864 815 1956 865 quia
2065 825 2137 852 nas
2157 814 2384 854 scandalum
2404 828 2447 856 es

516 878 667 917 dabitur
685 878 744 917 ei·
772 878 848 916 nisi
1020 874 1287 915 adtenditendi
1559 883 1601 916 tu
1620 889 1662 916 es
1680 883 1813 928 petrus
1866 884 1905 916 et
2065 876 2182 915 mihi·
2212 878 2303 929 quia
2322 890 2403 918 non

518 941 673 991 signum
691 940 782 980 ione
801 953 874 991 pro
1021 951 1045 977 a
1064 938 1258 979 fermento
1560 952 1676 990 super
1694 939 1798 979 hanc
1818 947 1969 992 petra'”·
2065 939 2170 990 sapis
2189 951 2265 990 que
2284 941 2324 979 di
2343 948 2434 980 sunt
2450 961 2459 972 ·

517 1003 640 1042 saetae
654 1023 663 1034 ·
693 1009 732 1042 et
750 1003 842 1042 relic
1020 1000 1246 1040 fariseorum
1560 1002 1779 1042 aedificabo
1798 1002 1917 1042 eclesi
2066 1002 2136 1040 sed
2155 1014 2254 1052 quae
2273 1002 2441 1042 hominis
2455 1024 2464 1034 ·

517 1066 565 1105 tis
585 1065 656 1104 illis
676 1065 770 1104 abiit
783 1085 792 1096 ·
832 1064 911 1104 ⁶Et
1021 1070 1060 1103 et
1078 1064 1322 1104 sadduceorfi
1338 1085 1348 1096 ·
1560 1077 1626 1104 am
1644 1077 1796 1113 meam·
1826 1072 1864 1105 et
1881 1072 1950 1117 p0r
2035 1067 2039 1070 ’
2066 1061 2095 1085 ²⁴
2108 1064 2223 1104 Tunc
2242 1065 2302 1104 ihs
2321 1066 2417 1104 dixit
2438 1066 2534 1105 disci

517 1140 608 1168 cum
627 1128 825 1167 uenissent
1021 1125 1050 1147 ¹²
1063 1126 1179 1167 Tunc
1197 1127 1378 1167 intellexe
1559 1134 1598 1167 te
1617 1127 1830 1167 inferorum
2065 1127 2167 1178 pulis
2186 1128 2266 1166 suis
2278 1149 2287 1158 ·
2317 1128 2350 1167 si
2370 1129 2456 1179 quis
2480 1154 2483 1163 ,

518 1191 695 1242 discipuli
713 1191 795 1230 eius
814 1197 916 1230 trans
1021 1197 1110 1229 runt
1128 1191 1220 1241 quia
1239 1203 1322 1230 non
1561 1202 1642 1230 non
1661 1191 1943 1240 praeualebunt
2065 1189 2146 1228 uult
2165 1196 2257 1240 post
2275 1203 2339 1230 me
2358 1192 2450 1230 ueni

517 1253 657 1292 fretum
676 1253 786 1292 obliti
1022 1253 1118 1292 dixit
1136 1253 1347 1293 adtendere
1561 1252 1596 1292 ei
1610 1273 1619 1283 ·
1658 1252 1687 1275 ¹⁹
1697 1252 1750 1292 Et
1769 1253 1875 1293 dabo
1894 1254 1963 1292 tibi
2065 1264 2106 1291 re
2119 1272 2129 1283 ·
2159 1253 2328 1303 abneget
2347 1265 2387 1292 se
2406 1255 2447 1305 ip

517 1322 607 1355 sunt
625 1327 749 1367 panes
768 1327 879 1355 sume
1021 1327 1045 1355 a
1063 1315 1255 1356 fermento
1274 1316 1387 1367 panis
1399 1337 1409 1348 ·
1561 1315 1691 1355 claues
1709 1316 1819 1367 regni
1838 1316 1923 1356 celo
2066 1327 2154 1354 sum
2166 1335 2175 1346 ·
2205 1315 2279 1354 sibi
2292 1336 2301 1347 ·
2331 1321 2370 1355 et
2388 1316 2498 1355 tollat

516 1391 557 1418 re
572 1399 582 1409 ·
612 1378 696 1417 ⁶ihs
719 1385 849 1418 autern
1023 1379 1092 1418 sed
1112 1379 1164 1418 ad
1183 1379 1360 1419 doctrina
1562 1390 1648 1416 rum
1662 1399 1671 1408 ·
1700 1385 1739 1418 et
1756 1383 1886 1430 quecfi
2066 1390 2222 1417 crucem
2243 1389 2353 1417 suam
2372 1385 2410 1417 et
2428 1391 2471 1418 se

516 1441 612 1480 dixit
628 1440 701 1480 illis
713 1461 723 1472 ·
751 1440 879 1481 uidete
1020 1430 1269 1480 farisaeorum
1291 1448 1331 1481 et
1562 1453 1639 1492 que
1657 1441 1836 1491 ligaueris
1855 1453 1900 1480 su
2065 1447 2204 1491 quatur
2223 1452 2286 1480 me
2300 1461 2310 1472 ·
2339 1441 2370 1463 ²⁵
2383 1442 2450 1492 qui
2470 1454 2493 1481 e

1022 1504 1306 1544 sadduceorum
1319 1525 1328 1535 ·
1341 1519 1395 1538 v*
1409 1525 1418 1535 ·
1544 1515 1632 1554 ,per
1652 1510 1792 1543 terram
1805 1524 1815 1535 ·
2065 1503 2146 1541 nim
2165 1503 2330 1542 uoluerit
2348 1504 2412 1542 ani

518 1598 558 1631 et
577 1591 745 1631 atendite
764 1604 788 1631 a
807 1591 864 1632 fer
990 1594 1009 1616 *
1021 1592 1238 1631 ¹³Ueniens
1258 1599 1388 1631 autem
1407 1592 1467 1631 ihs
1483 1615 1492 1623 ·
1562 1597 1676 1630 erunt
1693 1590 1812 1642 ligata
1830 1591 1871 1630 in
1890 1591 2008 1631 caelis
2020 1613 2030 1624 ·
2066 1602 2172 1630 mam
2193 1603 2304 1630 suam
2323 1591 2474 1631 saluare

517 1661 652 1693 mento
672 1654 851 1705 pharisae
989 1655 1062 1694 *in
1081 1661 1233 1705 partem
1259 1666 1440 1694 cesaraee
1562 1660 1600 1692 et
1618 1666 1891 1705 quecumquae
1910 1654 1968 1694 sol
2065 1653 2202 1704 perdet
2220 1666 2308 1693 eam
2322 1675 2331 1685 ·
2361 1655 2427 1706 qui
2445 1667 2496 1694 au
2522 1679 2525 1681 -

518 1728 632 1755 orum
650 1723 689 1755 et
708 1717 879 1757 sadduce
989 1717 1010 1740 *
1023 1717 1166 1768 filippi·
1195 1717 1338 1757 interro
1561 1716 1662 1754 ueris
1681 1728 1797 1767 super
1815 1721 1915 1756 terra
2066 1722 2146 1755 tem
2165 1716 2373 1767 perdiderit

517 1791 631 1818 orum
644 1799 654 1809 ·
688 1779 765 1818 ⁷illi
785 1792 879 1830 ergo
937 1788 939 1791 ·
989 1779 1009 1802 *
1021 1781 1140 1831 gabat
1158 1779 1372 1831 discipulos
1562 1785 1675 1818 erunt
1693 1779 1820 1818 soluta
1838 1780 1879 1818 in
1899 1792 1945 1820 ce
2066 1779 2238 1818 animam
2258 1791 2370 1818 suam
2390 1787 2486 1832 prop

517 1841 742 1892 cogitabant
759 1842 860 1880 intra
989 1842 1008 1863 *
1022 1855 1115 1882 suos
1133 1843 1268 1882 dicens
1280 1863 1290 1874 ο
1562 1842 1607 1881 lis
1621 1862 1630 1872 ·
1673 1839 1703 1863 ²⁰
1715 1842 1831 1882 Tunc
1854 1843 1959 1894 impe
2065 1848 2123 1881 ter
2141 1854 2205 1881 me
2223 1842 2398 1882 inueniet

517 1916 558 1943 se
578 1905 750 1943 dicentes
796 1905 888 1955 quia
1022 1917 1140 1957 quem
1159 1917 1223 1945 me
1243 1905 1426 1945 homines
1562 1905 1662 1943 rauit
1681 1904 1881 1956 discipulis
2065 1917 2155 1944 eam
2167 1925 2178 1936 ·
2219 1903 2354 1956 ²⁶quid
2373 1906 2479 1945 enim

517 1979 641 2018 panes
659 1979 742 2006 non
762 1968 883 2006 sumsi
1022 1969 1157 2008 dicunt
1179 1980 1264 2007 esse
1277 1988 1287 1999 ·
1317 1967 1371 2007 fili
1563 1967 1641 2006 suis
1660 1974 1704 2006 ut
1722 1968 1870 2007 nemini
2065 1968 2235 2019 proderit
2254 1968 2403 2007 homini
2415 1989 2425 1999 ·

517 2041 605 2069 mus
618 2050 627 2059 ·
657 2029 671 2051 ⁸
684 2029 820 2069 Sciens
841 2042 892 2070 au
1021 2043 1089 2069 um
1108 2030 1277 2070 hominis
1290 2051 1300 2062 ·
1561 2029 1734 2069 dicerent
1752 2030 1859 2081 quod
2066 2031 2098 2069 si
2117 2030 2220 2070 hunc
2240 2031 2433 2070 mundum

516 2098 596 2132 tem
615 2092 674 2131 ihs
693 2093 789 2132 dixit
1021 2091 1051 2116 ¹⁴
1063 2093 1116 2132 At
1135 2094 1187 2132 illi
1206 2094 1386 2133 dixerunt
1403 2093 1470 2145 qui
1562 2092 1625 2131 hic
1645 2100 1705 2132 est
1723 2093 1782 2132 ihs
1802 2106 1878 2144 xps
1891 2114 1900 2124 ·
1915 2115 1924 2125 ·
1941 2111 1992 2129 e
2065 2093 2231 2133 lucretur
2246 2114 2256 2125 ·
2284 2094 2445 2133 anima-

517 2155 610 2205 quid
629 2155 806 2206 cogitatis
1021 2156 1115 2196 dam
1133 2156 1345 2196 iohannem
1416 2155 1553 2207 inctinqo
1564 2154 1593 2176 ²¹
1604 2155 1757 2196 Exinde
1776 2158 1905 2207 coepit
1923 2157 1982 2196 ihs
2066 2162 2198 2194 autem
2218 2168 2329 2195 suam
2347 2156 2445 2196 detri

517 2218 617 2257 intra
634 2230 708 2257 uos
726 2230 794 2256 mo
1021 2219 1231 2269 baptistam
1245 2240 1254 2250 ·
1284 2219 1349 2257 alii
1393 2199 1464 2232 ψει
1475 2203 1509 2232 et
1518 2209 1554 2231 ¹¹²
1562 2218 1767 2258 ostendere
1785 2219 1881 2259 disci
2066 2226 2243 2258 mentum
2261 2220 2424 2271 patiatur
2439 2240 2506 2250 ·—·

519 2281 604 2319 dice
623 2281 736 2319 fidei·
1021 2281 1166 2320 heliam
1179 2302 1188 2311 -
1219 2281 1282 2319 alii
1299 2293 1396 2321 uero
1561 2281 1661 2332 pulis
1680 2282 1759 2320 suis
1805 2283 1896 2332 quia
2066 2281 2120 2320 At
2138 2294 2257 2333 quam
2276 2282 2382 2321 dabit
2400 2282 2521 2322 homo

518 2344 609 2393 quia
627 2355 750 2394 panes
770 2355 852 2383 non
871 2356 895 2383 a.
1022 2343 1247 2383 hieremiam
1260 2365 1269 2374 ·
1298 2351 1366 2384 aut
1562 2350 1716 2394 oportet
1734 2356 1825 2383 eum
1844 2345 1898 2384 ire
2066 2345 2411 2384 commutationem

518 2407 619 2444 betis
631 2427 640 2436 ·
670 2406 685 2427 ⁹
696 2407 880 2446 nondum
1021 2418 1146 2444 unum
1164 2419 1212 2445 ex
1232 2406 1391 2457 profetis
1405 2427 1414 2438 ·
1562 2405 1824 2457 hierosolyma
1842 2413 1881 2446 et
2065 2406 2195 2446 anime
2215 2419 2309 2446 suae
2324 2428 2334 2438 ·
2377 2408 2408 2430 ²⁷
2418 2420 2511 2447 nam

517 2468 724 2518 intelligitis
760 2481 811 2508 ne
1023 2468 1053 2491 ¹⁵
1064 2469 1169 2508 Dicit
1186 2469 1259 2509 illis
1278 2469 1338 2509 ihs
1393 2481 1466 2510 uos
1562 2468 1683 2507 multa
1702 2469 1781 2519 pati
1800 2482 1824 2508 a
1843 2470 1952 2510 senio
2065 2470 2164 2508 filius
2182 2469 2352 2509 hominis

519 2542 595 2580 que
614 2531 846 2570 meministis
1023 2538 1154 2570 autem
1173 2544 1291 2584 quem
1310 2545 1374 2572 me
1561 2531 1668 2570 ribus
1712 2537 1751 2570 et
1768 2532 1894 2582 princi
2065 2539 2220 2571 ueturus
2238 2540 2298 2572 est
2315 2534 2356 2572 in

522 2592 704 2643 Quinque
718 2606 841 2644 panes
859 2601 898 2634 et
1023 2594 1147 2634 dicitis
1167 2607 1251 2634 esse
1264 2616 1274 2626 ·
1561 2594 1675 2645 pibus
1694 2595 1939 2634 sacerdotu-·
2064 2595 2265 2634 maiestate
2282 2596 2402 2647 patris

521 2655 690 2705 quinque
704 2657 808 2695 milia
829 2657 882 2697 ho
1024 2657 1054 2679 ¹⁶
1067 2657 1335 2708 Respondens
1354 2661 1444 2698 aute
1561 2663 1600 2696 et
1619 2657 1752 2696 scribis
1768 2678 1778 2688 ·
1807 2664 1846 2697 et
1865 2658 2015 2698 occidi·
2065 2658 2123 2697 sui
2136 2679 2145 2689 ·
2175 2670 2266 2698 cum
2285 2659 2434 2709 angelis

521 2717 671 2755 minum
683 2738 692 2748 ·
722 2725 761 2757 et
779 2719 887 2768 quod
1025 2720 1152 2759 simon
1170 2726 1301 2771 petrus
1320 2721 1437 2760 dixit·
1562 2725 1602 2758 et
1621 2720 1730 2759 tertia
1749 2720 1809 2760 die
1828 2733 1937 2760 resur
2064 2722 2142 2761 suis
2158 2742 2167 2752 ·
2196 2721 2248 2760 Et
2266 2728 2358 2761 tunc
2378 2722 2447 2761 red

522 2778 672 2819 cofinos
695 2782 882 2821 sumsistis
1023 2789 1065 2821 tu
1084 2794 1127 2822 es
1146 2795 1222 2835 xps
1239 2783 1338 2823 filius
1357 2783 1398 2823 di
1562 2794 1655 2834 gere
1667 2803 1678 2814 ·
1711 2781 1742 2807 ²²
1752 2783 1803 2824 Et
1821 2784 2031 2826 adsumens
2065 2784 2131 2825 det
2143 2785 2370 2838 unicuique,
