2872 3268
307 207 400 239 xlx.
415 206 537 250 7—31·]
1158 199 1191 239 I
1190 190 1453 241 OHANNE'
1465 219 1475 230 ·
2260 199 2315 255 69

99 325 182 358 ποι,
199 325 285 358 246.
307 314 322 336 ⁷
337 313 642 365 Responderunt
661 314 697 352 ei
808 313 913 353 foras
933 313 1012 352 ihm
1031 319 1069 353 et
1084 313 1182 353 sedit
1347 326 1442 364 ergo
1461 313 1613 352 titulum
1632 313 1712 352 mul
1851 312 1880 335 ²⁵
1894 312 2027 352 Stabat
2046 320 2175 353 autem
2193 327 2265 365 pro
2327 319 2409 351 1¹01.
2428 319 2511 352 247.

307 377 437 416 iudaei
454 398 463 407 ·
508 376 595 416 Nos
615 377 742 427 legem
809 389 882 427 pro
902 378 1081 415 tribunali
1100 378 1140 415 in
1346 377 1374 414 ti
1393 377 1566 428 legerunt
1586 376 1633 414 de
1653 376 1742 415 iude
1846 388 1897 427 pe
1918 389 2034 415 cruce
2053 377 2120 414 ihu
2139 385 2265 416 mater

307 439 498 478 habemus
545 446 583 478 et
603 452 724 478 secun
808 439 939 478 locum
959 440 1026 490 qui
1047 440 1205 478 dicitur·
1346 439 1378 476 is
1395 460 1402 469 ·
1452 439 1543 490 quia
1561 451 1682 489 prope
1706 445 1784 478 erat
1845 438 1944 477 illius
1961 459 1970 469 ·
2014 445 2053 477 et
2072 452 2183 478 soror
2202 453 2268 480 ma

307 503 403 541 dum
421 503 550 552 legem
569 507 701 541 nostra
809 502 1077 552 lapidestratus
1116 502 1166 541 he
1344 500 1453 540 locus
1473 513 1496 539 a
1515 501 1692 539 ciuitatae
1709 521 1718 531 ·
1844 502 1911 559 tris
1930 501 2011 540 eius
2031 502 2151 540 maria
2171 503 2230 542 cle

295 565 421 603 debet
439 566 537 604 mori
583 566 674 616 quia
808 564 937 603 breice
957 571 1086 603 autem
1104 566 1182 615 gab
1343 563 1410 601 ubi
1430 563 1654 601 crucifixsus
1672 569 1729 601 est
1844 573 1920 614 ope
1966 571 2004 603 et
2023 565 2146 603 maria
2165 577 2259 616 mag

306 627 428 666 filium
447 628 487 666 di
506 639 547 666 se
567 628 655 666 feeit
671 649 680 659 .
808 627 898 665 bata
913 647 921 657 .
950 626 979 647 14
991 634 1071 665 erat
1090 634 1219 666 autem
1343 624 1403 662 ihs
1416 645 1425 654 ·
1469 631 1507 663 et
1525 631 1606 663 erat
1625 625 1726 664 scrib
1845 626 1984 665 dalena
1997 648 2006 658 ·
2035 626 2063 648 ²⁶
2075 627 2134 666 ihs
2152 641 2247 679 ergo

305 688 320 710 ⁸
333 689 437 728 Cum
456 702 550 740 ergo
570 691 716 729 audiuit
731 691 772 742 pi
807 701 1016 738 parasceue
1036 690 1181 740 pascha
1342 694 1426 726 tum
1467 687 1645 726 hebreice
1665 700 1733 738 gre
1843 696 1886 728 ut
1899 689 1994 728 uidit
2012 696 2176 729 matrem

304 752 404 791 latus
423 752 497 791 hoc
517 754 678 791 uerbum
807 751 903 789 hora
922 753 1032 802 quasi
1052 759 1160 791 sexta
1343 762 1388 788 ce
1407 756 1445 788 et
1465 750 1583 788 latine
1603 771 1612 780 ·
1643 748 1671 771 ²²
1683 750 1782 790 Dice
1843 757 1882 789 et
1900 751 2134 802 discipulum
2152 752 2204 792 ad

304 815 430 865 magis
449 816 573 854 timuit
587 836 596 846 ·
627 816 703 855 ⁹Et
805 813 856 852 Et
870 814 965 852 dixit
984 815 1130 853 iudaeis
1168 827 1258 854 ecce
1342 812 1436 850 bant
1455 823 1549 862 ergo
1568 812 1689 863 pilato
1844 820 2009 852 stantem
2024 827 2140 865 quem
2163 815 2202 854 di

305 878 479 916 introiuit
498 879 636 917 iterum
805 889 873 915 rex
888 883 1015 915 uester
1028 898 1037 907 ·
1066 876 1096 898 ¹⁵
1108 878 1218 916 excla
1341 874 1536 925 principes
1557 875 1744 914 iudaeorfi
1843 876 1987 927 ligebat
2003 898 2012 907 ·
2056 878 2123 916 Ait
2142 878 2258 917 matri

304 940 345 978 in
364 941 556 990 praetorio
576 942 718 991 pilatus
733 962 741 972 ·
805 946 1010 978 mauerunt
1022 946 1151 978 autern
1342 936 1437 975 Non
1460 937 1628 976 scribere
1648 949 1716 975 rex
1738 937 1778 975 iu
1844 951 1937 978 suae
1983 940 2118 979 mulier
2136 954 2228 980 ecce

302 1009 342 1042 et
361 1003 413 1041 ait
433 1003 482 1042 ad
502 1003 583 1041 ihm
628 1004 734 1042 unde
806 1001 858 1039 illi
900 1002 990 1040 tolle
1010 1002 1102 1041 tolle
1122 1015 1190 1041 cru
1341 998 1528 1037 daeorum
1544 1020 1553 1029 ·
1599 999 1678 1038 Sed
1699 1000 1791 1050 quia
1844 1002 1943 1040 filius
1963 1009 2050 1040 tuus
2067 1023 2076 1033 ·
2105 1002 2137 1024 ²⁷
2149 1003 2242 1042 dein

302 1077 345 1104 es
363 1072 406 1104 tu
420 1087 428 1096 ·
471 1066 534 1104 ihs
556 1073 688 1105 autem
806 1064 919 1112 cifige
934 1065 1041 1102 illum
1058 1085 1066 1094 ·
1110 1065 1176 1103 Ait
1342 1061 1423 1111 ipse
1443 1061 1540 1100 dixit
1578 1074 1647 1100 rex
1669 1066 1714 1100 εὖ
1843 1064 1891 1103 de
1911 1064 2002 1103 dicit
2020 1065 2213 1115 discipulo

301 1141 536 1179 responsum
561 1129 613 1166 illi
633 1141 715 1167 non
805 1126 877 1164 illis
897 1127 1037 1177 pilatus
1056 1131 1147 1177 rege
1341 1123 1569 1162 iudaeorum
1584 1144 1593 1154 ·
1623 1122 1651 1144 ²²
1663 1124 1744 1163 Res
1844 1139 1934 1165 ecce
1953 1134 2076 1166 mater
2094 1134 2161 1166 tua
2177 1149 2186 1158 ·

303 1192 411 1230 dedit
428 1211 437 1222 ι
469 1192 496 1213 ¹⁰
509 1191 615 1230 Dicit
635 1191 687 1229 illi
707 1192 747 1242 pi
804 1196 978 1227 uestrum
997 1190 1130 1227 crucifi
1341 1187 1480 1237 pondit
1499 1187 1640 1237 pilatus
1660 1187 1761 1238 qu0d
1843 1188 1907 1227 Ex
1927 1189 1989 1228 illa
2009 1190 2105 1228 hora
2123 1191 2274 1242 accepit

300 1254 401 1294 latus
448 1254 542 1291 mihi
562 1266 644 1292 non
665 1254 703 1292 lo
805 1264 897 1301 gam
912 1272 921 1281 ·
971 1251 1188 1302 Responde
1341 1249 1479 1298 scripsi
1499 1250 1636 1300 scripsi
1656 1267 1710 1284 ω
1843 1252 1947 1291 illam
1967 1252 2179 1303 discipulus

301 1317 454 1368 quaeris
468 1337 476 1346 .
507 1317 634 1354 nescis
650 1316 742 1367 quia
803 1321 893 1352 runt
907 1314 1102 1365 principes
1118 1327 1161 1353 sa
1309 1308 1328 1330 *
1346 1308 1374 1331 ²3
1385 1310 1530 1349 Milites
1541 1324 1634 1362 ergo
1650 1318 1786 1362 postea
1799 1333 1808 1342 ·
1845 1314 1885 1352 in
1905 1327 1975 1353 Sua
1994 1335 2003 1345 ·
2033 1313 2062 1336 ²⁸
2078 1315 2167 1354 Post
2185 1315 2282 1355 haec

299 1386 532 1431 potestatem
551 1379 676 1418 habeo
803 1377 1004 1416 cerdotum
1045 1389 1127 1415 non
1146 1377 1198 1415 ha
1309 1371 1328 1393 *
1346 1385 1464 1424 quam
1484 1375 1755 1413 crucifixerunt
1844 1377 1970 1416 sciens
1989 1377 2048 1416 ihs
2067 1379 2158 1428 quia
2177 1391 2245 1418 om

299 1442 525 1492 crucifigere
545 1448 582 1480 te
629 1441 681 1480 Et
801 1440 940 1478 bemus
958 1451 1090 1489 regem
1137 1439 1177 1477 ni
1307 1434 1327 1456 *
1344 1436 1425 1474 ihm
1462 1437 1695 1475 sustulerunt
1842 1440 1908 1478 nia
1928 1441 2006 1478 iam
2025 1453 2191 1480 consum

298 1511 530 1556 potestatem
548 1505 675 1544 habeo
803 1502 835 1541 si
851 1514 1046 1541 caesarem
1059 1521 1068 1531 ·
1099 1501 1127 1523 ¹⁶
1138 1508 1230 1540 tunc
1340 1499 1573 1538 uestimenta
1589 1500 1688 1540 illius
1842 1508 1947 1542 mata
1965 1509 2077 1542 sunt.
2119 1509 2162 1542 ut
2180 1503 2234 1542 im

299 1593 491 1632 dimittere
506 1599 543 1632 te
560 1613 569 1623 ·
598 1592 627 1614 ¹1
640 1592 720 1632 Res
801 1602 897 1640 ergo
912 1588 1053 1628 tradidit
1068 1589 1124 1628 eis
1144 1589 1253 1628 illu-·
1338 1592 1376 1624 et
1390 1585 1565 1626 fecerunt
1584 1595 1678 1639 quat
1840 1591 2007 1642 pleretur
2026 1591 2214 1642 scriptura
2228 1612 2237 1623 ·
2256 1612 2266 1622 ·

298 1657 438 1707 pondit
458 1656 516 1694 ihs
563 1668 645 1694 non
660 1656 712 1694 ha
799 1660 843 1692 ut
862 1653 1147 1703 crucifigeretur
1336 1655 1423 1687 tuor
1437 1656 1565 1699 partes
1579 1671 1587 1680 ·
1627 1652 1695 1690 uni
1839 1653 1947 1692 Dixit
1957 1675 1966 1684 ·
1981 1654 2067 1693 sitio
2081 1675 2090 1685 ·
2106 1653 2259 1705 ²⁹pe1uis
2266 1667 2308 1694 er

299 1720 411 1758 beres
431 1719 471 1757 in
491 1731 554 1758 me
573 1725 726 1769 potesta
801 1714 1048 1765 Receperunt
1067 1726 1161 1765 ergo
1184 1714 1265 1752 ihm
1336 1712 1499 1761 cuiquae
1519 1713 1629 1752 militi
1649 1727 1718 1764 par
1838 1729 1891 1767 go
1909 1717 2039 1767 posita
2058 1723 2140 1755 erat
2159 1729 2229 1756 ace

298 1787 379 1820 tem
397 1782 515 1820 ullam
531 1802 540 1811 ·
583 1782 658 1820 nisi
678 1781 728 1820 da
800 1784 838 1815 et
858 1778 1102 1817 adduxerunt
1115 1798 1123 1807 ·
1154 1775 1183 1798 ¹⁷
1195 1783 1233 1815 et
1336 1780 1414 1812 tem
1429 1781 1467 1813 et
1481 1775 1654 1814 tunicam
1667 1797 1676 1806 ·
1715 1796 1718 1800 ·
1835 1786 1876 1818 to
1891 1779 2007 1829 plena
2021 1800 2030 1810 ·
2076 1779 2252 1830 Spongia

298 1849 383 1891 tum
401 1844 471 1882 tibi
490 1830 624 1882 suisset
644 1844 692 1882 de
799 1847 957 1890 portans
969 1852 1127 1878 crucem
1139 1846 1252 1878 sua‘·
1335 1835 1432 1874 Erat
1450 1843 1580 1876 autem
1599 1839 1731 1879 tunica
1837 1853 1931 1892 ergo
1951 1841 2212 1892 impleuerunt

299 1918 453 1945 sursum
469 1927 478 1936 .
521 1913 679 1957 propter
799 1903 919 1940 exiuit
938 1902 978 1940 in
997 1902 1129 1940 locum
1148 1901 1216 1952 qui
1335 1899 1399 1937 illa
1418 1912 1499 1938 non
1518 1902 1720 1941 consutilis
1736 1923 1746 1933 ·
1837 1910 1950 1943 aceto
1969 1910 2008 1942 et
2027 1904 2113 1943 felle
2132 1911 2170 1943 et
2188 1904 2241 1956 hy

297 1969 374 2008 hoc
393 1969 459 2020 qui
478 1969 632 2007 tradidit
646 1982 709 2007 me
800 1965 939 2004 dicitur
958 1964 1150 2003 caluariae
1170 1964 1209 2002 lo
1337 1962 1502 2013 desuper
1521 1969 1706 2003 contexta
1837 1978 1978 2016 sopum
1998 1967 2197 2017 circumpo

295 2032 365 2070 tibi
384 2032 509 2070 maius
529 2038 725 2081 peccatu·-
798 2039 867 2066 cus
881 2048 890 2057 ·
932 2027 1039 2078 quod
1059 2027 1187 2078 apella
1335 2036 1405 2074 per
1423 2030 1548 2063 totum
1563 2046 1572 2056 ·
1602 2024 1632 2047 ²⁴
1642 2026 1746 2067 Dixe
1836 2035 1973 2067 nentes
1993 2029 2215 2080 optulerunt

295 2093 433 2134 habet.
454 2093 483 2114 12
495 2094 648 2132 Exinde
664 2107 763 2145 quae
797 2096 857 2128 tur
877 2091 1027 2129 ebreice
1046 2090 1164 2140 golgo
1334 2093 1424 2125 runt
1443 2099 1537 2137 ergo
1557 2088 1606 2127 ad
1627 2089 1754 2129 inuice
1837 2091 1892 2129 ori
1908 2091 2007 2130 illius
2023 2112 2032 2122 ·
2062 2090 2092 2112 ⁸⁰
2105 2091 2207 2130 Cum
2227 2104 2269 2131 er

293 2158 403 2196 rebat
421 2157 563 2208 pilatus
583 2157 695 2195 dimit
797 2153 865 2191 tha
881 2174 889 2183 ·
931 2152 958 2174 ¹⁸
971 2153 1130 2191 ubillum
1155 2163 1222 2190 cru
1335 2161 1416 2187 non
1436 2150 1659 2190 scindamus
1679 2152 1776 2191 illa-
1789 2169 1798 2179 ·
1836 2165 1889 2203 go
1904 2154 2117 2203 accepisset
2136 2153 2195 2192 ihs

292 2226 370 2258 tere
389 2231 480 2258 eum
496 2239 505 2249 ·
546 2219 681 2258 Iudaei
701 2231 751 2257 au
798 2216 1001 2254 cifixerunt
1017 2236 1024 2245 ·
1072 2222 1109 2253 et
1128 2227 1220 2253 cum
1335 2211 1404 2250 sed
1423 2213 1628 2251 sortiamur
1643 2213 1691 2253 de
1710 2214 1736 2252 il
1837 2222 1990 2255 acetum
2010 2217 2106 2255 dixit
2126 2228 2204 2255 con

292 2289 372 2323 tem
390 2282 656 2321 uociferabant
797 2290 846 2317 eo
867 2278 962 2317 alios
983 2278 1083 2316 duos
1121 2277 1196 2316 hac
1334 2275 1371 2314 la
1390 2275 1500 2313 cuius
1519 2276 1566 2313 sit
1579 2296 1588 2306 ·
1628 2281 1670 2314 ut
1685 2277 1788 2316 scrib
1836 2286 2071 2317 summatum
2089 2286 2149 2318 est

294 2345 468 2384 dicentes
488 2365 498 2375 ·
539 2344 581 2383 Si
602 2344 707 2383 hunc
796 2349 835 2380 et
853 2342 938 2380 illac
954 2361 963 2371 ·
1004 2340 1177 2379 medium
1197 2351 1246 2378 au
1333 2344 1419 2376 tura
1437 2338 1641 2388 impleatur
1657 2359 1665 2369 ·
1835 2339 1887 2379 Et
1906 2341 2096 2392 inclinans
2116 2341 2244 2393 capud

294 2407 486 2446 dimiseris
524 2419 606 2445 non
626 2419 668 2446 es
795 2410 875 2442 tem
894 2404 975 2442 ihm
991 2423 1000 2433 ·
1030 2402 1058 2424 ¹⁹
1071 2400 1249 2452 conscrip
1334 2412 1433 2451 quae
1453 2400 1547 2438 dixit
1563 2420 1572 2430 ·
1610 2400 1748 2441 Diuise
1834 2402 1987 2442 tradidit
2006 2407 2094 2453 spm
2109 2424 2119 2434 ·

294 2470 444 2508 amicus
464 2470 630 2508 caesaris
649 2490 658 2500 ·
795 2467 844 2505 sit
863 2473 992 2505 autem
1011 2465 1127 2506 etiam
1146 2465 1216 2503 titu
1333 2470 1421 2501 runt
1439 2463 1670 2502 uestimenta
1833 2463 1862 2486 ⁸¹
1875 2465 1986 2503 Iudei
1999 2472 2144 2505 autem·
2164 2473 2302 2507 utnon

294 2531 435 2571 Omnis
450 2533 555 2570 enim
570 2532 636 2583 qui
655 2535 746 2582 rege
794 2529 875 2568 lum
893 2529 1033 2579 pilatus
1079 2534 1117 2566 et
1135 2540 1188 2578 po
1332 2538 1421 2564 mea
1440 2526 1513 2565 sibi
1559 2532 1597 2564 et
1617 2538 1732 2577 super
1834 2535 2006 2566 maneret
2027 2541 2143 2580 super
2162 2542 2229 2569 cru

294 2605 335 2632 se
355 2593 447 2632 facit
487 2594 663 2632 contradi
794 2593 870 2631 suit
890 2603 1006 2642 super
1021 2597 1169 2629 cruce-⁸
1181 2610 1191 2620 ·
1332 2589 1564 2627 uestimenta
1584 2601 1673 2627 mea
1833 2602 1920 2629 cem
1939 2603 2105 2641 corpora
2124 2592 2164 2631 in
2184 2593 2255 2631 sab

294 2656 347 2695 cit
366 2656 511 2695 caesari
526 2677 536 2686 ·
565 2656 592 2678 1³
605 2656 749 2696 Pilatus
792 2654 886 2693 Erat
905 2660 1035 2692 autem
1049 2653 1245 2702 scriptu*·
1331 2651 1519 2688 miserunt
1538 2657 1680 2690 sortem
1696 2671 1705 2681 ·
1832 2653 1924 2691 bato
1941 2673 1950 2682 ·
1991 2657 2086 2703 qfim
2105 2666 2203 2693 cena
2220 2667 2275 2706 pu

293 2725 503 2770 postquam
518 2719 665 2758 audiuit
793 2718 852 2756 ihs
871 2727 1059 2755 nazoreus
1073 2735 1082 2745 ·
1125 2727 1193 2752 rex
1331 2712 1383 2751 Et
1400 2712 1538 2751 milites
1558 2712 1716 2762 quidem
1832 2726 1875 2752 ra
1895 2721 1976 2753 erat
1995 2731 2004 2741 ·
2044 2715 2139 2756 Erat
2158 2721 2244 2757 aute

292 2782 413 2821 uerba
425 2781 522 2821 haec
539 2803 548 2812 ·
577 2781 760 2833 produxit
793 2780 1022 2819 iudaeorum
1039 2797 1048 2807 ·
1077 2775 1239 2816 ²⁰Hunc
1330 2775 1428 2814 haec
1447 2775 1619 2815 fecerunt
1834 2788 2000 2828 magnus
2020 2778 2102 2818 dies
2121 2779 2221 2819 illius
2278 2792 2283 2795 ·
