2872 3268
551 216 608 257 94
1470 205 1634 245 SECD
1648 224 1661 235 ι
2211 211 2307 252 [xn.
2319 213 2494 255 49—X111.
2511 200 2565 245 16.

1594 322 1634 359 in
1654 322 1792 360 siloam
1810 328 1848 360 et
1867 321 2010 360 occidit
2065 320 2083 341 *
2097 319 2127 342 ¹⁰
2138 320 2233 360 Erat
2252 326 2383 360 autem
2403 321 2550 360 docens
2577 319 2662 355 Fol-
2676 324 2761 358 12⁶.

1592 384 1678 422 illos
1692 405 1702 414 ·
1743 385 1886 434 putatis
1905 389 2000 435 qfim
2062 382 2138 422 *in
2151 396 2231 423 una
2251 389 2456 435 synogoga

1590 446 1664 496 ipsi
1686 446 1879 486 debitores
1899 447 1961 485 fue
2060 445 2080 467 *
2094 459 2181 484 rum
2199 447 2370 485 sabbatis

1051 323 1128 362 hoc
1148 330 1278 362 autem
1298 329 1451 373 tempus

1056 385 1259 437 quomodo
1279 397 1361 424 non
1381 397 1453 436 pro

1053 449 1151 486 batis
1173 469 1181 478 ·
1201 468 1210 477 ·
1240 447 1269 469 ⁶⁷
1285 460 1403 498 quare
1423 460 1472 486 au

325 330 406 361 Pol.
419 310 499 363 125.
517 325 536 348 *
551 321 581 345 ⁴⁹
595 323 736 375 Ignem
754 325 846 363 ueni
865 325 936 363 mit

512 386 533 408 *
550 393 629 425 tere
650 387 688 424 in
705 394 844 425 terram

513 449 533 471 *
548 454 586 488 et
605 449 700 500 quid
721 471 729 480 ·
750 450 843 488 uolo
864 450 896 488 si
916 462 962 488 ac

546 512 733 550 cendatur
746 533 755 542 ·
786 512 816 533 ⁶⁰
830 512 915 562 Bap

545 574 658 612 tisma
677 574 804 612 habeo
829 576 906 624 bap

544 636 653 674 tizari
667 658 676 666 -
719 637 771 674 Et
791 645 932 687 qu0m0

544 698 597 737 do
617 700 748 737 turbor
793 711 882 749 usqs

544 761 639 799 dum
658 761 878 810 perficiatur

543 822 571 844 ⁶¹
588 823 735 862 Putatis
754 828 849 874 qfim
869 826 966 874 pace

542 886 632 924 ueni
652 886 802 924 mittere
822 886 862 924 in

542 953 708 986 terram·
752 960 858 986 non·
908 948 948 986 di

542 1022 590 1048 co
610 1010 725 1048 uobis
745 1010 813 1048 sed
835 1022 928 1061 sepa

540 1073 732 1110 rationem
748 1094 757 1102 ·
782 1071 811 1093 ⁶2
823 1074 948 1112 Erunt

541 1135 646 1173 enim
665 1147 714 1173 ex
734 1135 809 1174 hoc
829 1137 925 1187 quin

541 1210 617 1247 que
637 1197 677 1235 in
697 1198 815 1238 domo
835 1211 914 1238 una

540 1260 653 1298 diuisi
669 1281 678 1290 ·
727 1267 803 1300 tres
823 1262 863 1300 in

540 1322 619 1361 duo
635 1343 644 1352 ·
687 1330 726 1361 et
745 1324 824 1362 duo
844 1325 884 1362 in
903 1330 976 1363 tres

539 1385 568 1406 ⁵³
581 1385 802 1424 diuidentur
818 1407 827 1417 ·
875 1399 927 1437 pa

538 1454 596 1486 ter
614 1448 654 1486 in
674 1449 796 1487 filium
815 1455 853 1488 et
872 1449 898 1488 fi

537 1510 611 1549 lius
630 1511 670 1549 in
691 1518 841 1562 patrem
862 1525 907 1551 su

538 1611 606 1637 um
627 1599 819 1638 diuidetur
832 1621 841 1631 ·

499 1702 504 1706 ,
537 1669 660 1701 mater
679 1663 719 1700 in
739 1663 856 1701 filiam
873 1684 882 1694 ·
931 1670 969 1702 et

537 1725 615 1763 filia
635 1725 675 1763 in
694 1732 856 1764 matrem
873 1747 882 1757 ·

538 1799 672 1826 socrus
687 1788 728 1826 in
746 1801 888 1828 nurum
932 1789 935 1792 ’

538 1863 650 1889 suam
669 1858 707 1889 et
723 1863 844 1890 nurus

538 1913 578 1951 in
599 1925 756 1952 socrum
776 1927 888 1953 suam
905 1937 913 1945 ·
934 1937 990 1944 —

537 1975 567 1996 ⁶⁴
578 1975 745 2015 Dicebat
763 1985 893 2015 autem
914 1985 953 2017 et

537 2038 588 2076 ad
607 2039 739 2078 turbas
755 2060 764 2069 ·
807 2052 898 2078 cum

537 2101 710 2140 uideritis
729 2103 875 2140 nubem

537 2165 587 2202 ab
607 2165 754 2204 oriente
777 2165 828 2203 ad
848 2177 897 2204 oc

538 2238 695 2265 casum·
738 2228 867 2265 statim

538 2290 664 2328 dicitis
681 2290 837 2328 nimbus
856 2303 906 2329 ue

539 2353 595 2390 nit
614 2359 652 2391 et
668 2353 720 2391 ita
741 2353 807 2391 fiet
822 2373 831 2383 ·
867 2353 897 2374 55
908 2354 960 2392 Et

538 2427 629 2454 cum
649 2415 823 2454 uideritis

538 2484 709 2516 austrum
725 2478 844 2517 flante

539 2540 665 2578 dicitis
686 2540 794 2591 quod
813 2553 879 2579 aes

540 2607 601 2640 tus
621 2603 691 2640 erit
736 2609 774 2640 et
794 2603 845 2641 ita
864 2603 928 2642 fiet
941 2624 951 2633 ·

541 2664 570 2684 55
581 2664 820 2714 Hypocritae
841 2665 981 2704 faciem

541 2726 698 2775 quidem
718 2727 813 2765 caeli
832 2734 869 2766 et
888 2735 943 2766 ter

542 2799 605 2825 rae
626 2788 746 2825 nostis
766 2789 930 2838 probare

1052 517 1129 549 tem
1148 517 1185 548 et
1205 523 1228 548 a
1246 510 1361 549 uobis
1380 511 1474 560 ipsis

1050 584 1130 610 non
1152 572 1329 611 iudicatis
1349 573 1450 623 quod

1048 634 1194 673 iustum
1213 641 1272 673 est
1287 656 1296 665 ·
1327 635 1356 656 ⁶⁸
1369 636 1463 674 dum

1046 697 1151 734 enim
1170 697 1280 736 uadis
1300 710 1391 737 cum

1047 759 1271 799 aduersario
1285 766 1353 800 tuo

1046 822 1086 860 in
1106 822 1170 860 uia
1185 843 1195 853 ·
1237 823 1287 862 da
1305 827 1426 874 opera

1046 884 1200 923 liberari
1220 887 1270 925 ab
1290 886 1356 924 illo
1373 907 1382 916 ·

1046 947 1108 986 Ne
1129 947 1226 986 forte
1246 948 1415 987 condem

1045 1017 1112 1048 net
1131 1016 1168 1049 te
1187 1011 1293 1061 apud
1312 1011 1392 1049 iudi

1045 1085 1132 1111 cem
1179 1079 1217 1112 et
1239 1074 1355 1112 iudex
1375 1081 1433 1113 tra

1045 1134 1110 1173 dat
1130 1143 1166 1174 te
1185 1137 1358 1176 exactori
1375 1157 1384 1167 ·

1043 1204 1081 1236 et
1100 1206 1259 1238 exactor
1277 1200 1405 1238 mittat

1043 1267 1080 1299 te
1101 1262 1141 1299 in
1161 1274 1358 1301 carcerem
1374 1283 1383 1292 ·

1043 1323 1072 1345 ⁶⁹
1085 1323 1186 1363 Dico
1205 1325 1272 1363 tibi
1291 1337 1374 1364 non
1392 1325 1498 1364 exies

1042 1386 1132 1425 inde
1180 1387 1308 1427 donec
1327 1388 1404 1427 etia

1041 1450 1299 1489 nouissimum
1314 1463 1391 1501 qua

1042 1512 1220 1551 drantem
1238 1513 1379 1552 reddas

1041 1604 1102 1640 13.
1123 1599 1136 1621 ¹
1149 1600 1353 1640 Uenerunt
1368 1609 1498 1640 autem

1041 1664 1201 1714 quidam
1220 1664 1307 1715 ipso
1327 1665 1367 1702 in
1387 1672 1466 1703 tem

1042 1738 1137 1776 pore
1180 1727 1401 1767 nuntiantes

1042 1789 1095 1827 illi
1115 1789 1163 1828 de
1182 1789 1329 1840 galileis
1346 1811 1356 1820 ·
1399 1803 1479 1842 quo

1042 1864 1129 1891 rum
1149 1853 1381 1902 sanguinem

1042 1915 1184 1965 pilatus
1203 1915 1359 1954 miscuit
1378 1920 1427 1954 esi

1043 1978 1242 2016 sacrificiis
1262 1990 1399 2016 eorum
1420 2000 1428 2008 -
1443 2001 1497 2007 —

1042 2039 1056 2060 ²
1067 2040 1118 2078 Et
1136 2041 1376 2091 respondens
1395 2041 1454 2080 ihs

1041 2103 1137 2142 dixit
1156 2104 1227 2142 illis
1244 2124 1252 2133 ·
1294 2105 1437 2154 putatis

1041 2166 1147 2216 quod
1162 2166 1202 2204 hi
1217 2167 1368 2216 galilaei
1382 2188 1390 2197 ·
1421 2180 1490 2218 pre

1041 2229 1224 2267 omnibus
1243 2229 1412 2279 galilaeis

1041 2290 1195 2329 fuerunt
1215 2298 1439 2341 peccatores
1456 2313 1465 2322 ·

1041 2353 1108 2403 qui
1128 2353 1217 2391 talia
1236 2354 1340 2404 passi
1361 2360 1450 2392 sunt
1470 2375 1479 2384 -

1041 2416 1054 2436 ³
1067 2427 1149 2453 non
1165 2436 1174 2445 ·
1219 2416 1309 2454 dico
1328 2417 1442 2455 uobis
1459 2437 1467 2446 ·

1041 2478 1115 2517 nisi
1135 2478 1385 2528 penitentiam

1041 2540 1216 2579 habeatis
1232 2541 1400 2579 similiter

1042 2615 1181 2642 omnes
1200 2603 1372 2653 peribitis
1388 2624 1397 2633 ·

1041 2667 1056 2688 ¹
1068 2665 1142 2704 Uel
1162 2666 1261 2704 sicut
1281 2666 1333 2704 illi
1353 2665 1446 2705 dece
1459 2673 1497 2706 et

1041 2735 1132 2767 octo
1153 2741 1268 2779 super
1287 2741 1388 2779 quos

1043 2791 1180 2830 cecidit
1199 2791 1313 2830 turris

1588 515 1676 547 runt
1696 521 1811 559 super
1830 517 1962 549 omnes

1588 570 1768 610 homines
1787 573 1854 622 qui
1874 573 1965 611 sede

1588 633 1682 671 bant
1699 634 1739 672 in
1759 635 1946 673 hierusale
1964 656 1974 666 ·

1588 695 1602 716 5
1614 708 1695 735 non
1711 717 1721 727 ·
1763 697 1852 737 dico
1871 699 1984 738 uobis

1587 759 1662 797 nisi
1680 760 1933 809 penitentiam

1586 820 1796 861 habueritis
1812 829 1947 862 omnes

1587 884 1759 923 similiter
1778 886 1900 936 peribi

1586 947 1633 985 tis
1650 969 1657 977 ·
1674 969 1682 978 ·
1699 969 1707 978 ·
1738 949 1752 969 5
1765 947 1933 988 Dicebat
1952 953 2041 989 aute

1585 1009 1686 1049 hanc
1706 1011 1953 1050 similitudine
1970 1033 1979 1043 ·

1584 1072 1778 1111 Arborem
1798 1074 1916 1112 ficum

1584 1134 1719 1174 habuit
1739 1136 1897 1187 quidam

1582 1197 1796 1248 plantatam
1818 1199 1858 1237 in
1881 1200 1971 1239 uine

1583 1272 1648 1298 am
1664 1281 1673 1291 ·
1716 1261 1768 1300 Et
1787 1263 1895 1300 uenit
1914 1275 1990 1314 que

1581 1335 1671 1362 rens
1693 1323 1860 1363 fructum
1879 1326 1919 1363 in

1581 1385 1644 1425 illa
1683 1394 1720 1425 et
1739 1400 1820 1426 non
1839 1388 1930 1426 inue

1582 1449 1638 1487 nit
1655 1470 1664 1479 ·
1699 1449 1834 1488 ⁷Dixit
1854 1457 1984 1490 autem

1581 1512 1632 1550 ad
1651 1512 1838 1551 cultorem
1857 1514 1996 1553 uineae
2011 1535 2020 1545 ·

1581 1599 1685 1639 Ecce
1706 1602 1797 1639 anni
1812 1608 1886 1640 tres
1907 1609 1996 1641 sunt

1581 1675 1631 1700 ex
1652 1675 1731 1714 quo
1751 1665 1867 1702 uenio
1889 1677 1990 1716 quae

1581 1738 1670 1764 rens
1690 1726 1857 1765 fructum
1876 1727 1916 1766 in

1583 1789 1751 1828 ficulnea
1770 1789 1843 1828 hac
1863 1797 1902 1829 et
1921 1803 2003 1830 non

1582 1851 1741 1890 inuenio
1784 1853 1938 1892 succide

1581 1926 1677 1964 ergo
1697 1915 1802 1953 illam
1815 1936 1823 1945 ·
1865 1921 1907 1954 ut
1927 1916 2020 1967 quid

1579 1977 1695 2015 etiam
1715 1983 1855 2016 terram
1873 1991 1947 2018 eua

1581 2045 1671 2077 cuat
1686 2061 1694 2070 ·
1710 2061 1719 2070 ·
1734 2061 1743 2070 ·
1773 2040 1787 2061 ⁸
1800 2043 1852 2079 At
1873 2041 1935 2080 ille
1947 2054 2007 2081 res

1578 2103 1759 2152 pondens
1779 2103 1874 2143 dixit
1887 2104 1938 2142 illi

1578 2165 1654 2203 dfie
1668 2186 1677 2195 ·
1721 2166 1868 2205 dimitte
1887 2167 1992 2205 illam

1577 2234 1616 2266 et
1635 2228 1712 2267 hoc
1732 2241 1836 2268 anno
1853 2250 1862 2259 ·
1903 2242 2027 2281 usque

1577 2290 1670 2328 dum
1690 2290 1836 2329 fodiam
1854 2292 1958 2330 circa

1577 2352 1680 2391 illam
1696 2374 1705 2383 ·
1748 2354 1801 2392 Et
1819 2354 1971 2393 mittam

1576 2415 1747 2453 cofinum
1767 2422 1895 2455 sterco

1576 2478 1627 2516 ris
1643 2499 1652 2508 -
1694 2479 1707 2500 ⁹
1723 2484 1761 2517 et
1780 2479 1811 2517 si
1831 2479 1987 2530 quidem

1577 2540 1708 2579 fecerit
1728 2541 1895 2581 fructum
1907 2563 1917 2572 ·

1577 2604 1636 2642 sin
1656 2611 1807 2643 autem·
1838 2605 1879 2643 in
1894 2604 1934 2643 fu

1576 2674 1705 2705 turum
1747 2668 1853 2707 succi

1577 2730 1645 2769 des
1664 2730 1767 2768 illam
1780 2751 1790 2761 ·
1811 2748 1865 2766 „e-

1674 2810 1947 2829 mmm

2092 508 2120 529 ²¹
2131 509 2183 547 Et
2201 521 2292 548 ecce
2311 508 2448 548 mulier
2461 521 2562 561 quae

2091 571 2260 610 habebat
2279 575 2367 621 spm
2384 572 2426 610 in

2092 634 2279 673 firmitatis
2299 634 2411 672 annis

2094 696 2188 735 dece
2207 702 2245 734 et
2264 702 2356 735 octo
2369 717 2379 727 ·
2419 703 2502 736 erat

2091 758 2275 798 inclinata
2287 779 2296 790 ·
2336 771 2410 798 nec

2091 822 2254 860 omnino
2276 828 2426 872 poterat

2091 895 2225 923 susum
2245 885 2436 935 respicere
2451 906 2462 916 ·

2090 946 2260 994 ¹2Quam
2279 960 2369 986 cum
2387 948 2547 988 uidisset

2088 1009 2147 1048 ihs
2185 1010 2342 1049 uocauit
2359 1023 2448 1049 eam

2088 1071 2139 1110 ad
2158 1084 2199 1110 se
2238 1079 2277 1111 et
2297 1073 2349 1110 ait
2367 1073 2445 1111 illi·

2087 1134 2222 1173 mulier
2243 1135 2400 1174 dimissa
2419 1147 2462 1174 es

2086 1198 2136 1235 ab
2157 1197 2378 1236 infirmitate
2396 1204 2463 1237 tua
2478 1219 2488 1229 ·

2085 1258 2114 1280 ¹⁸
2129 1266 2167 1298 et
2185 1260 2357 1310 inposuit
2375 1261 2426 1299 illi
2446 1273 2512 1300 ma

2085 1334 2180 1360 num
2222 1329 2260 1361 et
2279 1323 2446 1362 confesti

2083 1392 2210 1424 erecta
2228 1392 2286 1424 est
2304 1393 2341 1424 et
2359 1398 2454 1437 mag

2084 1448 2266 1487 nificabat
2284 1448 2351 1487 dm
2363 1470 2372 1479 ·
2388 1469 2446 1478 —-

2084 1509 2114 1532 ¹4
2126 1510 2386 1562 Respondens
2406 1514 2495 1550 aute

2085 1598 2416 1650 archisynagogus

2085 1661 2293 1712 indignans
2305 1683 2316 1692 ·
2356 1663 2465 1714 quod

2085 1725 2245 1764 sabbato
2265 1732 2416 1764 curaret

2084 1788 2144 1826 ihs
2159 1809 2169 1818 ·
2210 1788 2363 1827 dicebat
2381 1794 2442 1827 tur

2083 1850 2144 1889 bis
2163 1862 2232 1889 sex
2247 1851 2329 1889 dies
2349 1858 2440 1890 sunt

2083 1913 2123 1950 in
2142 1913 2283 1963 quibus
2301 1920 2456 1964 oportet

2082 1976 2232 2026 operari
2248 1996 2257 2006 ·
2300 1977 2341 2014 in
2360 1976 2421 2016 his

2081 2051 2175 2090 ergo
2194 2039 2323 2078 uenite
2342 2045 2381 2077 et
2404 2052 2453 2079 cu

2079 2102 2217 2140 ramini
2236 2108 2275 2141 et
2293 2114 2375 2141 non
2386 2102 2428 2141 in
2446 2150 2452 2157 K

2081 2164 2142 2203 die
2162 2165 2324 2204 sabbato
2340 2186 2350 2196 ·
2379 2165 2408 2186 ¹⁶
2420 2165 2502 2205 Res

2079 2227 2216 2277 pondit
2235 2239 2330 2278 ergo
2350 2228 2385 2266 ei
2405 2228 2479 2267 dfis

2079 2296 2117 2328 et
2137 2290 2232 2327 dixit
2246 2310 2256 2320 ·
2299 2290 2462 2340 hypocri

2077 2359 2138 2390 tae
2157 2353 2424 2403 unusquisque

2079 2422 2251 2453 uestrum
2271 2416 2435 2455 sabbato

2076 2489 2159 2516 non
2179 2478 2302 2517 soluet
2323 2478 2468 2518 bouem

2078 2553 2191 2579 suum
2211 2548 2277 2579 aut
2291 2542 2435 2580 asinu-

2076 2616 2100 2642 a
2118 2617 2306 2655 praesepe
2348 2610 2386 2644 et
2408 2605 2462 2644 du

2077 2668 2128 2706 cit
2146 2667 2338 2719 adaquare
2353 2688 2364 2698 ·

2078 2729 2226 2769 ¹⁶Hanc
2238 2738 2368 2769 autem
2380 2738 2544 2783 quaeest

2074 2794 2153 2832 filia
2172 2793 2339 2833 abrahae
2354 2815 2364 2825 ·
