2872 3268
92 330 173 363 1¹01.
186 330 274 362 209.

305 222 365 254 ιιι.
387 222 514 262 17—1v.
535 218 604 261 10.]

305 326 378 365 dus
398 338 467 376 per
486 326 618 377 ipsum
635 346 644 356 ·

303 387 332 409 ¹⁸
345 388 412 438 qui
431 388 555 426 credit
574 388 615 425 in
635 398 725 426 eum

304 462 385 488 non
405 450 632 488 iudicabitur
645 470 653 479 ·

305 512 370 562 qui
387 502 493 552 {tem
513 523 595 550 non
615 524 678 550 cre

305 573 360 612 dit
379 574 456 612 iarn
475 573 667 611 iudicatus

304 642 364 674 est
377 656 386 665 ·
426 639 522 686 qfim
540 647 622 674 non
641 647 705 674 cre

305 697 360 736 dit
379 698 420 735 in
441 698 600 736 nomine
621 698 687 735 uni

303 759 423 809 geniti
442 759 506 797 filii
528 759 567 797 di
580 780 588 790 ·
609 781 617 789 ·

303 821 333 842 ¹⁹
346 821 439 860 Hoc
459 828 517 860 est
529 828 660 861 autern
681 822 760 861 iudi

304 883 407 922 cium
421 904 430 913 ·
469 887 563 933 qfim
582 883 648 921 lux

301 946 407 983 uenit
426 946 466 983 in
488 946 591 984 hunc
612 958 707 984 mun

303 1007 397 1045 dum
413 1028 422 1037 ·
462 1014 500 1046 et
520 1007 643 1046 dilexe

301 1076 391 1108 runt
410 1069 588 1108 homines
607 1082 662 1121 po

302 1132 377 1170 tius
396 1132 573 1171 tenebras

302 1205 421 1244 quarn
442 1194 574 1232 lumen
591 1215 600 1224 -
639 1194 675 1232 E

301 1261 389 1294 rant
406 1257 511 1294 enim
532 1269 651 1307 opera

302 1330 437 1358 eorum
456 1318 560 1357 mala
573 1339 582 1349 ·
622 1318 652 1341 ²⁰
663 1331 731 1357 om

302 1380 363 1418 nis
381 1381 486 1418 enim
505 1382 572 1431 qui
591 1381 694 1420 mala

302 1442 382 1492 agit
401 1443 484 1481 odit
503 1442 634 1482 lumen

301 1510 340 1542 et
358 1516 437 1542 non
457 1506 563 1543 uenit
581 1506 631 1543 ad
650 1506 690 1546 lu

303 1573 447 1606 seconda
484 1574 663 1608 domeneca
705 1576 769 1608 lec-

302 1625 428 1657 tionem
458 1636 522 1668 que
555 1626 675 1659 debeat
705 1627 771 1670 legi

303 1698 390 1724 cem
407 1707 416 1716 ·
456 1699 505 1725 ne
526 1687 689 1726 manifes

301 1754 429 1786 tentur
449 1761 568 1799 opera
586 1750 668 1789 eius
685 1770 694 1780 ·

302 1808 332 1832 2²
344 1810 411 1860 qui
431 1817 560 1849 autem
580 1811 670 1850 facit
689 1823 738 1850 ue

293 1871 455 1910 ritatem
510 1873 616 1911 uenit

303 1934 354 1972 ad
372 1934 502 1973 lumen
557 1941 598 1975 ut
616 1948 682 1976 ma

301 1995 526 2035 nifestentur
545 2010 620 2048 ope

301 2070 344 2096 ra
362 2059 445 2097 eius
465 2063 559 2109 qflm
579 2061 620 2098 in
640 2060 691 2099 do

301 2127 390 2159 sunt
408 2121 576 2172 perfecta
589 2143 598 2152 ·
614 2140 668 2157 „r

259 2187 281 2212 *
299 2181 330 2203 ²²
341 2183 434 2223 Post
453 2183 524 2222 hec
542 2185 649 2224 uenit
667 2185 727 2224 ihs

259 2249 282 2274 *
300 2251 338 2283 et
358 2245 532 2296 discipuli
550 2247 631 2285 eius

258 2311 281 2335 *
299 2307 340 2345 in
359 2307 513 2346 iudeam
532 2315 665 2347 terra-

297 2376 336 2408 et
353 2369 406 2408 ibi
424 2377 596 2409 moratur
614 2379 696 2411 cu-

302 2432 358 2470 eis
375 2438 414 2470 et
431 2433 652 2483 baptizabat
667 2455 676 2464 ·

297 2491 326 2516 ²⁸
337 2500 418 2533 erat
436 2501 563 2533 autem
582 2496 700 2535 iohan

299 2568 368 2594 nes
386 2557 586 2606 baptizans
605 2558 645 2596 in

300 2629 428 2656 aenon
447 2618 553 2657 iuxta
573 2620 687 2659 salim

298 2683 394 2730 qflm
413 2691 535 2730 aquae
553 2682 696 2721 multae

297 2747 408 2780 erant
427 2742 502 2781 illic
518 2763 527 2773 ·
566 2750 603 2782 et
621 2756 670 2783 ue

297 2804 455 2842 niebant
473 2811 511 2843 et
528 2806 681 2856 baptiza

295 2865 435 2905 bantur
451 2887 460 2897 ·
503 2865 531 2889 ²⁴
545 2868 721 2908 nondum

1125 213 1472 254 IOHANNEN
1482 232 1492 244 ·

808 326 914 365 enim
932 326 1052 364 misus
1071 332 1154 364 erat

810 388 849 426 in
870 401 1022 426 carcere
1042 388 1161 427 iohan

809 462 878 488 nes
891 471 900 481 ·
940 449 969 472 ²⁵
982 451 1145 490 Factum
1164 458 1222 490 est

808 525 903 563 ergo
921 519 963 551 ut
983 513 1088 551 fieret
1108 526 1202 564 ques

807 575 862 614 tio
910 576 1010 614 inter
1027 576 1177 626 discipu

808 637 867 676 los
887 637 1066 676 iohannis
1084 646 1122 676 et
1141 639 1180 676 iu

808 700 925 738 daeos
947 701 994 739 de
1014 701 1172 751 purifica

807 762 914 801 tione
930 784 938 793 ·
980 756 1263 802 ²⁶et²uenerunt

807 824 858 863 ad
878 825 1088 864 iohannem
1108 833 1146 864 et
1166 826 1231 864 dix

806 893 917 925 erunt
936 887 988 925 illi
1008 908 1018 918 ·
1059 888 1168 926 rabbi

807 949 873 999 qui
892 956 973 987 erat
991 956 1119 988 tecum

806 1017 911 1050 trans
932 1012 1132 1050 iordanem

805 1073 867 1112 cui
887 1079 928 1112 tu
948 1075 1213 1114 testimonium

806 1135 958 1174 dixisti·
997 1149 1088 1175 ecce
1109 1137 1172 1176 hic

804 1198 945 1236 batizat
964 1205 1002 1236 et
1021 1211 1158 1237 omnes

804 1260 965 1298 ueniunt
984 1261 1034 1299 ad
1054 1273 1143 1299 eum
1157 1283 1165 1292 -

804 1320 833 1343 ²⁷
847 1322 1065 1372 Respondit
1080 1323 1259 1362 iohannis

805 1390 844 1422 et
864 1384 958 1422 dixit
971 1406 980 1415 ·
1025 1398 1106 1424 non
1126 1398 1178 1436 po

805 1452 878 1484 test
897 1446 1018 1485 homo
1039 1448 1170 1498 accipe

805 1520 845 1547 re
865 1509 1008 1559 aliquid
1027 1510 1101 1548 nisi
1119 1510 1159 1549 fu

805 1687 875 1724 erit
888 1687 924 1725 ei
939 1687 1072 1726 datum
1089 1688 1136 1727 de
1150 1689 1257 1727 caelo

804 1747 833 1769 ²⁸
847 1749 920 1799 ipsi
939 1762 1017 1788 uos
1033 1751 1128 1789 mihi
1147 1752 1234 1790 testi

804 1812 980 1850 monium
999 1813 1157 1862 perhibe

804 1874 852 1911 tis
866 1895 874 1903 ·
916 1879 1011 1924 qum
1032 1875 1111 1913 dixi
1132 1888 1212 1914 non

805 1947 890 1975 sum
908 1949 984 1986 ego
1005 1941 1078 1986 xps
1135 1937 1212 1976 Sed

803 2002 898 2048 qfim
917 1999 1057 2038 missus
1077 2011 1163 2039 sum

803 2067 891 2099 ante
910 2061 1037 2111 ipsum
1052 2082 1061 2091 ·

802 2121 831 2144 ²⁹
844 2123 1215 2174 quihabetsponsam

803 2197 969 2235 sponsus
988 2192 1068 2224 est·
1109 2186 1202 2224 Ami

802 2259 870 2285 cus
890 2254 1018 2287 autem
1039 2249 1174 2298 sponsi

802 2309 868 2359 qui
888 2316 961 2348 stat
980 2317 1018 2348 et
1038 2311 1143 2349 audit
1162 2315 1211 2350 οῦ

800 2372 944 2421 gaudio
964 2372 1106 2422 gaudet

791 2441 958 2484 propter
976 2447 1117 2473 uocem
1137 2443 1231 2486 spon

799 2496 854 2533 si·
897 2495 973 2535 hoc
992 2497 1145 2547 itaquae

798 2570 928 2596 meum
947 2559 1130 2609 gaudium

797 2620 984 2670 repletum
1003 2628 1060 2659 est
1073 2642 1082 2652 ·
1126 2622 1156 2644 ⁸⁰
1168 2622 1233 2660 illst

798 2682 903 2720 enim
922 2690 1076 2732 oportet
1096 2696 1178 2722 cres

798 2756 885 2782 cere
902 2764 911 2774 ·
954 2756 1017 2782 me
1036 2751 1164 2783 autem

797 2806 941 2843 minui·
984 2805 1013 2828 ³¹
1025 2807 1090 2857 qui
1109 2808 1213 2846 enim

797 2867 844 2905 de
864 2879 996 2906 susum
1014 2869 1119 2908 uenit

1347 338 1461 377 super
1480 337 1617 364 omnes
1636 331 1694 364 est
1711 346 1720 356 ·

1347 389 1414 439 qui
1433 395 1561 426 autem
1581 395 1637 426 est
1657 388 1705 426 de

1346 457 1445 488 terra
1464 450 1511 488 de
1531 457 1630 489 terra
1648 457 1728 489 est·

1346 519 1383 550 et
1403 513 1450 552 de
1469 519 1570 551 terra
1588 512 1694 563 loqui

1345 581 1406 612 tur
1422 595 1430 605 ·
1473 575 1539 625 qui
1558 581 1687 613 autem

1348 638 1396 675 de
1417 637 1500 676 celo
1520 638 1627 676 uenit
1647 649 1692 675 su

1345 712 1414 751 per
1433 711 1570 738 omnes
1590 706 1647 737 est
1661 720 1671 730 ·

1344 761 1374 783 ³²
1385 761 1435 799 Et
1455 761 1561 811 quod
1579 761 1675 799 uidit
1694 767 1732 800 et
1752 773 1801 800 au

1346 823 1440 862 diuit
1459 824 1536 862 hoc
1554 824 1718 863 testifica

1344 892 1427 924 tur·
1465 892 1503 924 et
1522 886 1676 924 testimo

1345 948 1452 986 nium
1471 948 1552 986 eius
1572 960 1689 987 nemo

1344 1010 1484 1060 accipit
1501 1031 1510 1040 ·
1551 1010 1579 1030 ⁸³
1592 1010 1658 1060 qui
1678 1013 1766 1048 aute

1344 1072 1486 1122 accipit
1505 1072 1588 1110 eius
1609 1073 1698 1111 testi

1343 1135 1520 1173 monium
1540 1135 1651 1184 signa

1343 1197 1398 1235 uit
1418 1197 1508 1247 quia
1529 1197 1574 1235 ds
1593 1209 1711 1235 uerax

1343 1265 1402 1296 est
1415 1279 1424 1289 ·
1465 1258 1495 1281 ⁸⁴
1507 1263 1602 1309 qfim
1622 1271 1741 1309 quem

1344 1321 1389 1359 ds
1404 1321 1506 1360 misit
1524 1322 1643 1359 uerba
1664 1322 1703 1359 di

1342 1383 1510 1433 loquitur
1526 1404 1535 1413 ·
1578 1396 1660 1422 non

1343 1445 1447 1484 enim
1467 1445 1517 1483 ad
1536 1453 1746 1485 mensura-

1344 1507 1409 1546 dat
1429 1507 1474 1546 ds
1494 1511 1582 1559 sprn
1596 1528 1604 1537 ·
1644 1508 1793 1547 ³⁶Pater

1344 1692 1468 1743 diligit
1487 1693 1607 1732 filium
1621 1715 1630 1724 ·
1670 1700 1709 1732 et

1343 1756 1477 1794 omnia
1497 1756 1602 1794 dedit
1621 1757 1661 1794 in
1681 1769 1745 1795 ma

1342 1829 1396 1856 nu
1414 1818 1497 1856 eius
1511 1839 1520 1848 -
1574 1817 1603 1839 ³⁶
1615 1819 1682 1869 qui
1701 1832 1767 1858 cre

1342 1880 1397 1917 dit
1417 1880 1456 1917 in
1477 1879 1597 1918 filium
1617 1881 1733 1921 habet

1340 1941 1460 1979 uitam
1479 1949 1677 1981 aeternam
1689 1963 1699 1973 ο

1341 2003 1420 2051 Qui
1440 2011 1543 2042 atem
1562 2017 1642 2043 non
1662 2005 1782 2044 credit

1340 2065 1380 2103 in
1400 2066 1520 2104 filium
1575 2079 1657 2106 non
1676 2068 1715 2105 ui

1340 2127 1443 2165 debit
1461 2129 1582 2167 uitam
1596 2149 1605 2159 ·
1649 2129 1727 2168 Sed

1338 2190 1394 2229 ira
1414 2190 1452 2228 di
1469 2197 1600 2230 manet
1620 2203 1735 2242 super

1391 2269 1445 2286 a*
1475 2253 1580 2291 illum
1609 2270 1662 2287 t*

1338 2314 1436 2347 tertia
1445 2314 1612 2347 dominica
1623 2319 1699 2357 post
1706 2326 1807 2358 pasca

1306 2364 1325 2386 *
1339 2371 1379 2405 4.
1408 2366 1422 2388 ¹
1435 2367 1489 2405 Ut
1507 2380 1602 2418 ergo
1618 2369 1806 2419 cognouit

1304 2431 1324 2453 '¹‘
1338 2429 1411 2468 dns
1427 2451 1436 2460 ·
1467 2431 1618 2469 audisse
1638 2431 1678 2470 fa

1303 2492 1482 2531 *riseos·
1522 2493 1612 2543 quia
1631 2493 1689 2532 ihs

1304 2552 1323 2574 *
1338 2554 1465 2604 plures
1485 2554 1634 2605 discipu

1302 2617 1394 2654 *los
1413 2617 1554 2656 faceret
1600 2624 1638 2656 et
1655 2619 1732 2669 bap

1332 2679 1465 2717 tizaret
1511 2691 1628 2730 quam

1333 2741 1522 2780 iohannes
1539 2762 1547 2772 ·
1588 2741 1602 2762 ²
1613 2755 1731 2793 quam

1332 2815 1450 2853 quam
1470 2804 1529 2842 ihs
1550 2804 1631 2855 ipse
1650 2817 1733 2844 non

1331 2866 1550 2916 baptizabat
1596 2867 1664 2906 sed

1333 2927 1509 2979 discipuli
1528 2930 1609 2967 eius
1624 2950 1634 2960 ·

2255 221 2314 267 45

1852 325 2027 377 ³reliquit
2047 325 2224 365 iudaeam

1850 394 1888 427 et
1907 388 2028 426 habiit
2048 389 2087 426 in
2107 390 2291 438 galilea—-

1849 451 1863 472 ⁴
1876 451 2095 502 Oportebat
2114 458 2243 490 autem

1848 513 1955 551 illum
1974 514 2133 553 transire

1849 589 1918 626 per
1937 576 2143 614 samariam
2159 597 2168 606 ·

1848 638 1863 660 ‘⁵
1876 638 1992 677 Uenit
2010 651 2106 689 ergo
2126 639 2165 677 in
2185 639 2301 677 ciuita

1848 707 1926 740 tem
1945 702 2132 741 samariae
2152 714 2230 752 que

1849 764 1985 803 dicitur
2005 764 2143 815 sychar
2156 785 2165 794 ·

1849 827 1954 864 iuxta
1973 839 2112 877 agrum
2133 826 2234 877 quod

1847 889 1951 928 dedit
1971 889 2084 927 iacob
2104 890 2214 940 iosep

1846 951 1926 990 filio
1946 963 2017 990 suo
2034 972 2042 982 -
2084 952 2097 972 ⁶
2111 952 2205 990 Erat

1847 1021 1975 1052 autem
1994 1014 2069 1052 illic
2090 1014 2179 1052 fons
2199 1014 2236 1053 ia

1847 1077 1923 1115 cob
1979 1076 2046 1115 lhs
2066 1089 2162 1126 ergo
2181 1076 2220 1116 fa

1847 1139 1987 1189 tigatus
2008 1141 2058 1178 ab
2078 1139 2212 1178 itinere

1847 1202 2004 1240 sedebat
2024 1202 2077 1240 sic
2099 1214 2213 1252 super

1846 1264 1994 1302 fontem
2010 1285 2018 1294 ·
2076 1264 2189 1303 Hora
2207 1276 2230 1303 e

1845 1333 1903 1365 rat
1922 1326 2030 1376 quasi
2050 1334 2156 1364 sexta
2173 1347 2182 1357 ·

1845 1389 1859 1410 ⁷
1872 1388 1923 1427 Et
1937 1389 2043 1427 uenit
2062 1389 2197 1427 mulier
2216 1401 2238 1428 a
2259 1402 2302 1428 sa

1846 1451 1967 1490 maria
1986 1451 2137 1490 haurire

1846 1526 1989 1564 aquam
2001 1534 2010 1544 ·
2052 1519 2090 1552 et
2109 1512 2202 1552 dicit
2221 1514 2258 1553 ei

1844 1691 1903 1730 ihs
1923 1691 1973 1730 da
1992 1692 2088 1731 mihi
2106 1694 2237 1732 bibere
2250 1714 2260 1724 ·

1844 1753 1857 1775 ⁸
1871 1754 2046 1804 discipuli
2066 1762 2194 1794 autem
2214 1756 2254 1806 ip

1844 1816 1922 1854 sius
1942 1817 2114 1856 abierant
2134 1819 2174 1856 in
2194 1819 2230 1857 ci

1842 1878 2000 1916 uitatem
2019 1887 2061 1918 ut
2080 1892 2189 1919 escas

1845 1947 2016 1979 emerent
2032 1962 2040 1972 ·
2082 1942 2215 1981 ⁹Dicit

1843 2015 1936 2052 ergo
1956 2004 1991 2041 ei
2011 2005 2146 2043 mulier
2165 2017 2275 2044 sama

1842 2065 1967 2103 ritana
1982 2086 1992 2096 ·
2038 2068 2241 2117 quomodo

1841 2133 1883 2165 tu
1902 2139 1992 2166 cum
2011 2123 2064 2167 sis
2083 2129 2218 2168 iudeus

1841 2202 1865 2228 a
1884 2202 1947 2229 me
1966 2191 2096 2229 bibere
2116 2192 2214 2241 petis

1840 2263 1930 2290 cum
1950 2253 2023 2290 sim
2041 2254 2176 2292 mulier
2194 2266 2238 2293 sa

1839 2315 2049 2354 maritana·
2078 2328 2152 2354 nec
2171 2329 2193 2355 e

1839 2377 1922 2415 nim
1943 2384 2148 2417 coutuntur
2166 2379 2206 2417 iu

1839 2438 1927 2477 daei
1947 2441 2134 2478 samaritis
2148 2461 2157 2471 ·

1837 2500 1868 2522 ¹⁰
1881 2501 2100 2552 Respondit
2119 2503 2178 2541 ihs
2197 2510 2237 2542 et

1836 2564 1931 2603 dixit
1951 2565 2023 2603 illi·
2081 2566 2114 2603 si
2133 2566 2249 2604 scires

1837 2626 1985 2665 donum
2005 2627 2044 2665 di
2063 2634 2101 2666 et
2121 2628 2207 2679 quis

1834 2694 1892 2726 est
1912 2689 1996 2739 quis
2015 2695 2073 2727 est
2093 2690 2158 2740 qui
2181 2690 2251 2728 tibi

1834 2750 1926 2789 dicit
1945 2751 1994 2790 da
2013 2752 2109 2790 mihi
2128 2752 2260 2793 bibere
2272 2773 2283 2784 ·

1832 2817 1875 2850 tu
1893 2814 2017 2864 magis
2036 2815 2198 2865 petisses

1834 2876 1884 2914 ab
1902 2887 1974 2915 eo·
2005 2876 2055 2915 Et
2074 2877 2242 2916 dedisset

2344 332 2427 364 1¹01.
2440 334 2522 364 210.
