2872 3268
539 220 598 260 40
1415 200 1589 248 SCDU’·
2249 221 2410 264 [xxvn.
2429 226 2559 268 38-66.

1561 321 1615 344 *⁶⁴
1626 322 1811 363 Centurio
1832 332 1984 365 autem·
2575 335 2657 368 Pol.
2669 337 2730 370 ⁷0.

1561 384 1622 425 *et
1641 387 1707 437 qui
1727 400 1817 426 cum
1837 400 1886 427 eo

1561 447 1695 488 *erant
1714 451 1865 490 custodi

1044 333 1143 360 uoce
1162 332 1308 370 magna
1327 319 1367 359 di

1043 395 1138 422 cens
1152 403 1160 413 ·
1191 382 1267 421 heli
1283 403 1292 413 ·
1323 382 1399 422 heli
1413 403 1423 414 ·

1041 445 1133 483 lima
1152 445 1341 484 sibactani
1354 466 1364 476 ·

311 325 467 359 Fot'le.
2088 330 2231 370 excidit
2249 331 2290 370 in
2308 340 2416 383 petra
2432 355 2442 365 ·

2087 399 2126 431 et
2145 393 2317 434 aduoluit
2335 395 2415 447 lapi
2449 398 2461 409 ²

2086 455 2177 494 dem
2196 468 2387 508 magnum
2406 459 2457 498 ad

536 323 672 363 Unum
691 323 742 364 ad
753 324 900 364 dextris

535 394 574 426 et
592 399 715 426 unum
735 387 785 426 ad
805 387 899 426 sinis

535 451 603 489 tris
619 472 629 481 ·
672 450 866 489 ⁸⁹Transe

535 520 650 553 untes
669 520 801 552 autem
817 533 826 543 ·

533 576 818 615 blasfemabant

535 650 626 677 eum
646 645 850 677 mouentes

533 703 662 753 capita
682 714 751 740 sua
789 701 819 722 ⁴⁰
831 706 870 738 et
890 697 929 737 di

533 773 668 805 centes
684 785 693 794 ·
723 776 773 801 ua
788 783 798 793 ·
827 762 894 812 qui

532 827 751 867 destruebat
770 832 849 864 tem

531 892 640 943 plum
661 891 699 929 di
717 896 755 928 et
773 889 813 926 in
832 888 880 927 tri

532 955 610 994 duo
627 952 719 991 illud
738 963 828 990 raee

531 1017 714 1055 dificabat
728 1036 738 1046 ·
767 1015 843 1053 libe

531 1092 573 1118 ra
593 1086 630 1118 te
650 1079 682 1117 si
702 1078 800 1117 filius
820 1089 863 1117 es

531 1142 573 1181 di
587 1163 596 1173 ·
626 1140 823 1180 descende

530 1206 581 1245 de
599 1217 714 1244 cruce
731 1225 741 1235 ·
783 1203 812 1226 ⁴¹
827 1203 926 1243 Simi

528 1269 614 1308 liter
631 1275 669 1307 et
688 1267 814 1318 princi
855 1290 865 1299 ·

528 1344 600 1383 pes
619 1330 824 1370 sacerdoti-1

528 1395 754 1435 deludentes
772 1397 823 1432 esi

529 1470 621 1497 cum
640 1457 776 1496 scribis
795 1462 834 1495 et

527 1521 674 1560 fariseis
692 1520 779 1558 dice

528 1586 626 1624 bant
640 1605 650 1614 ·
692 1581 723 1605 ⁴²
733 1582 844 1622 Alios
863 1580 921 1621 sal

528 1684 601 1712 uos
620 1671 710 1710 fecit
724 1691 734 1701 ·
764 1669 847 1720 seip

528 1747 617 1775 sum
634 1746 716 1773 non
734 1738 862 1784 potest

528 1798 677 1838 saluum
694 1796 822 1835 facere
838 1815 848 1825 ·

529 1861 571 1901 Si
589 1873 658 1900 rex
678 1865 737 1898 est
755 1858 802 1898 isi
820 1857 965 1897 descen

528 1925 595 1964 dat
614 1935 718 1962 nunc
738 1922 788 1961 de
808 1933 923 1960 cruce

527 1995 566 2027 et
585 1986 778 2026 credimus
796 1983 847 2022 illi
863 2004 872 2014 ·

528 2051 557 2073 4³
572 2049 745 2090 Confidit
762 2048 803 2086 in
822 2047 874 2086 do
893 2046 920 2085 li

526 2115 635 2153 beret
653 2123 757 2150 nunc
776 2121 867 2149 eum

527 2177 560 2216 si
578 2176 662 2215 uult
681 2186 771 2213 eum
788 2193 797 2203 ·
828 2171 925 2210 dixit

526 2240 633 2279 enim
652 2238 742 2289 quia
762 2235 860 2274 filius

526 2303 566 2342 di
585 2314 672 2341 sum
687 2322 696 2331 ·
715 2321 723 2330 ·
750 2299 780 2320 ⁴⁴
791 2297 839 2336 Id
858 2297 979 2347 ipsu-

526 2373 658 2405 autem
677 2370 715 2402 et
732 2362 902 2401 latrones

526 2429 594 2479 qui
611 2433 721 2467 erant
741 2436 832 2464 cum
849 2435 898 2461 eo

525 2490 827 2542 inproperabant
847 2485 883 2524 ei
899 2506 907 2515 ·
926 2505 934 2515 ·

524 2555 596 2593 45Α
609 2560 717 2592 sexta
730 2557 861 2590 autem
873 2549 969 2587 hora
982 2567 991 2577 ·

525 2617 679 2656 tenebre
697 2615 823 2653 factae
842 2618 932 2651 sunt

526 2691 639 2729 super
657 2678 869 2715 uniuersa-

525 2748 666 2779 terram
678 2761 687 2770 ·
717 2750 863 2788 usquae

526 2803 577 2841 ad
596 2803 734 2841 horam
754 2806 891 2839 nona.-
906 2819 915 2829 ·

524 2866 553 2887 ⁴⁶
565 2865 680 2904 Circa
691 2869 821 2902 autem
837 2867 973 2900 nona·-

525 2928 662 2966 horam
681 2924 861 2965 clamauit
879 2923 938 2962 ihs
958 2943 967 2953 ·

1042 507 1134 547 Hoc
1150 514 1209 546 est
1223 508 1269 546 ds
1285 508 1330 547 ds
1349 520 1461 547 meus
1473 528 1482 539 ·

1040 576 1083 608 ut
1101 570 1196 620 quid
1215 582 1280 608 me
1299 570 1391 609 dere

1038 630 1181 683 liquisti
1194 653 1204 663 ·
1242 632 1272 654 ⁴⁷
1279 632 1412 681 Quidii.

1041 702 1172 734 autem
1191 695 1266 735 illic
1286 703 1374 736 stan

1039 762 1098 796 tes
1118 758 1300 797 dicebant
1312 779 1322 789 ·

1038 820 1131 871 quia
1149 820 1291 860 heliam
1309 829 1427 860 uocat

1037 883 1107 921 iste
1123 903 1133 913 ·
1176 883 1205 904 ⁴⁸
1218 890 1256 922 et
1275 885 1461 924 continuo

1036 945 1248 985 adcurrens
1266 959 1368 985 unus

1036 1020 1085 1047 ex
1104 1008 1160 1047 eis
1207 1015 1372 1059 accepta

1036 1071 1204 1122 spungia
1224 1071 1343 1122 imple

1035 1134 1091 1172 uit
1109 1141 1222 1173 aceto
1238 1154 1247 1164 ·
1277 1140 1315 1172 et
1334 1135 1430 1186 inpo

1035 1197 1109 1235 suit
1128 1196 1335 1235 harundini

1034 1266 1073 1298 et
1091 1259 1208 1298 dabat
1226 1261 1262 1298 ei
1281 1260 1413 1299 bibere
1427 1280 1437 1291 ·

1033 1322 1064 1344 ⁴⁹
1077 1322 1207 1361 Ceteri
1225 1335 1320 1361 uero
1338 1322 1449 1362 dixse

1032 1391 1144 1423 runt·
1175 1385 1259 1424 sine
1277 1385 1367 1424 uide

1032 1460 1143 1487 amus
1163 1448 1193 1487 si
1212 1448 1320 1487 uenit

1031 1510 1151 1549 helias
1170 1517 1209 1549 et
1226 1511 1347 1549 libera

1029 1573 1086 1612 uit
1103 1585 1194 1612 eum
1209 1594 1219 1604 ·
1258 1573 1288 1595 ⁶⁰
1299 1573 1367 1613 lhs
1385 1577 1473 1613 aute

1031 1661 1171 1699 iterum
1190 1660 1368 1699 clamans

1031 1735 1130 1762 uoce
1150 1735 1296 1773 magna
1314 1723 1392 1762 emi

1032 1786 1080 1824 sit
1099 1789 1188 1836 spm
1205 1806 1214 1816 -
1256 1786 1285 1807 ⁶¹
1297 1786 1349 1825 Et
1367 1798 1461 1825 ecce

1031 1849 1163 1887 uelum
1182 1849 1317 1899 templi
1337 1849 1414 1888 scis

1031 1923 1119 1950 sum
1138 1917 1197 1951 est
1215 1913 1256 1950 in
1275 1911 1426 1951 duabus

1031 1980 1160 2026 partes
1174 1996 1183 2005 ·
1218 1987 1242 2013 a
1263 1987 1418 2014 summo

1030 2050 1153 2089 usque
1172 2037 1355 2076 deorsum
1371 2059 1380 2068 ·

1031 2097 1083 2139 Et
1101 2107 1202 2138 terra
1220 2107 1330 2139 mota
1347 2107 1406 2139 est
1421 2121 1430 2131 ·

1031 2170 1070 2201 et
1089 2170 1219 2214 petrae
1239 2163 1328 2201 fisse
1351 2169 1441 2202 sunt
1456 2184 1465 2194 ·

1030 2223 1061 2246 ⁶²
1072 2232 1110 2264 et
1129 2231 1386 2264 monumenta

1030 2294 1163 2337 aperta
1183 2293 1272 2326 sunt
1287 2307 1296 2317 ·

1029 2349 1080 2388 Et
1101 2350 1221 2388 multa
1241 2361 1408 2400 corpora

1029 2417 1185 2451 scorum
1205 2412 1384 2450 dormien

1027 2476 1124 2514 tium
1143 2487 1318 2514 resurrex

1026 2552 1138 2585 erunt
1154 2566 1163 2576 ·
1192 2544 1222 2567 ‘⁵³
1236 2545 1287 2584 Et
1305 2557 1432 2584 exeun

1026 2615 1084 2648 tes
1105 2609 1153 2648 de
1174 2620 1390 2647 monumen

1025 2672 1073 2710 tis
1089 2693 1098 2702 ·
1128 2678 1219 2722 post
1237 2682 1408 2709 resurrec

1024 2735 1172 2774 tionem
1191 2734 1310 2784 ipsius
1324 2754 1334 2763 ·
1362 2733 1404 2771 in

1024 2798 1210 2835 troierunt
1229 2796 1268 2833 in
1289 2800 1398 2834 scam

1024 2860 1220 2898 ciuitatem
1237 2879 1246 2888 ·
1276 2864 1314 2896 et
1334 2869 1438 2908 appa

1024 2927 1181 2959 ruerunt
1199 2921 1329 2959 multis
1344 2941 1354 2951 ·
1369 2942 1425 2950 —-

1560 511 1692 551 *entes
1711 513 1793 551 ihm
1809 535 1818 544 ·
1847 515 1887 554 ui

1559 575 1626 613 *su
1645 582 1744 615 terre
1763 583 1874 615 motu

1581 645 1620 677 et
1639 638 1698 676 his
1717 650 1816 689 quae
1835 639 1980 680 fiebant
1994 661 2004 672 ·

1580 701 1790 740 timuerunt
1806 701 1871 740 ual

1581 763 1630 802 de
1681 763 1853 802 dicentes
1867 785 1875 794 ·
1891 777 1940 804 ue

1580 839 1621 865 re
1641 826 1681 865 di
1700 826 1799 865 filius
1817 835 1899 866 erat

1579 889 1650 929 iste
1666 909 1675 919 ·
1693 910 1703 920 ·
1733 889 1763 910 55
1773 889 1898 928 Erant

1578 958 1707 991 autem
1726 952 1778 991 ibi
1797 953 1913 992 mulie

1576 1027 1637 1055 res
1656 1015 1775 1055 multe
1795 1028 1819 1054 a
1838 1015 1905 1054 lon

1575 1090 1624 1129 ge
1643 1078 1818 1117 uidentes
1834 1100 1843 1110 ·

1575 1153 1675 1192 quae
1695 1147 1849 1181 secutae
1867 1154 1890 1180 e

1573 1210 1661 1242 rant
1680 1204 1761 1242 ihm
1780 1217 1804 1243 a
1823 1205 1901 1255 gali

1572 1266 1634 1306 lea
1652 1267 1853 1306 ministrari

1573 1337 1631 1369 tes
1650 1331 1684 1369 ei
1700 1351 1710 1361 ·
1753 1330 1783 1352 ⁵⁶
1794 1331 1891 1370 inter
1910 1338 2002 1382 quas

1571 1399 1654 1432 erat
1671 1391 1793 1431 maria
1811 1404 1905 1444 mag

1572 1456 1712 1494 dalena
1726 1477 1736 1486 ·
1765 1463 1804 1495 et
1823 1456 1944 1495 maria

1570 1519 1724 1558 iacobi·
1752 1525 1791 1557 et
1809 1518 1946 1569 ioseph

1571 1674 1690 1706 mater
1711 1675 1750 1707 et
1771 1674 1896 1707 mater

1570 1731 1733 1770 filiorum
1752 1730 1908 1769 zebedei
1920 1751 1930 1761 ·

1569 1794 1599 1815 ⁶⁷
1611 1793 1714 1833 Cum
1733 1805 1820 1833 sero
1840 1801 1971 1833 autem

1542 1886 1545 1892 ,
1570 1857 1716 1896 factum
1733 1863 1835 1895 esset
1850 1877 1891 1887 ο-

1569 1921 1676 1958 uenit
1694 1920 1854 1970 quidam
1872 1919 1926 1959 ho

1570 1995 1638 2022 mo
1658 1983 1766 2022 diues
1784 1983 1835 2021 ab
1855 1983 1945 2021 ari·-

1569 2047 1688 2085 matia
1706 2046 1865 2084 nomine

1570 2109 1707 2160 ioseph
1720 2130 1729 2139 ·
1758 2109 1824 2159 qui
1843 2115 1882 2147 et

1569 2171 1653 2222 ipse
1672 2171 1882 2222 discipulus

1568 2240 1651 2273 erat
1668 2234 1735 2272 ihu
1748 2254 1757 2264 ·
1797 2233 1826 2255 ⁶⁸
1839 2232 1918 2272 Hic

1569 2297 1730 2336 accessit
1747 2296 1798 2335 ad
1817 2296 1971 2347 pilatu-

1552 2352 1605 2398 'et
1623 2359 1717 2410 petit
1736 2371 1878 2409 corpus
1897 2358 1962 2397 ihu
1975 2379 1984 2389 ·

1567 2422 1684 2461 Tunc
1703 2421 1842 2472 pilatus
1861 2421 1920 2459 ius

1567 2485 1613 2523 sit
1632 2484 1742 2523 reddi
1761 2496 1906 2535 corpus
1918 2505 1928 2514 ·

1565 2545 1595 2569 ⁸⁹
1607 2547 1658 2586 Et
1677 2553 1840 2597 accepto
1859 2557 2023 2598 corpore

1565 2610 1702 2661 ioseph
1747 2610 1910 2648 inuoluit

1564 2673 1658 2711 illud
1677 2674 1717 2711 in
1737 2672 1901 2711 sindone

1564 2735 1713 2774 mundo
1730 2757 1739 2766 ·
1783 2734 1813 2757 ⁶⁰
1824 2742 1862 2774 et
1880 2735 2010 2785 posuit

1563 2811 1654 2837 eum
1672 2799 1712 2836 in
1731 2810 1945 2837 monumen

1562 2869 1604 2902 to
1623 2874 1695 2902 suo
1715 2873 1822 2901 nouo
1841 2861 1949 2912 quod

2085 518 2232 564 ostium,
2247 532 2463 560 monumen

2085 580 2113 619 ti
2131 588 2169 620 et
2188 583 2280 621 abiit
2296 603 2306 613 ·
2346 583 2374 605 ⁶¹
2386 591 2468 623 erat

2085 649 2214 682 autem
2233 645 2285 683 ibi
2304 646 2427 685 maria

2084 706 2318 756 magdalena
2334 729 2343 738 ·
2372 715 2411 747 et
2425 709 2466 757 ,al

2083 774 2164 807 tera
2183 770 2305 808 maria
2325 783 2366 809 se

2082 830 2219 870 dentes
2238 842 2375 873 contra

2082 894 2329 944 sepulchrum
2345 917 2354 927 ·

2081 957 2110 978 ⁶2
2123 957 2254 996 Altera
2274 966 2403 998 autem
2423 960 2485 999 die

2080 1031 2180 1070 quae
2199 1027 2257 1059 est
2275 1027 2366 1071 post
2383 1034 2436 1073 pa

2077 1094 2238 1121 rasceue
2251 1104 2260 1113 ·
2291 1083 2430 1124 Conue

2079 1152 2218 1184 nerunt
2236 1146 2427 1198 principes

2077 1208 2322 1247 sacerdotum
2337 1230 2347 1240 ·
2378 1216 2417 1248 et

2075 1269 2202 1309 farisei
2221 1271 2272 1310 ad
2291 1271 2415 1322 pilatu

2075 1332 2103 1354 ⁶³
2116 1332 2288 1372 dicentes
2304 1355 2314 1364 ·
2343 1334 2452 1373 domi

2075 1408 2124 1434 ne
2143 1398 2390 1435 rememorati

2073 1471 2207 1496 sumus
2225 1459 2332 1509 quod
2349 1459 2411 1499 ille

2076 1521 2257 1561 seductor
2276 1522 2372 1561 dixit

2075 1671 2203 1712 adhuc
2223 1673 2361 1712 uiuens
2377 1695 2385 1704 ·
2405 1694 2414 1704 ·

2074 1742 2164 1786 post
2181 1736 2334 1774 tertium
2354 1736 2449 1775 die‘·

2074 1810 2297 1848 resurgam·
2340 1799 2471 1838 ⁶‘iube

2073 1873 2168 1911 ergo
2187 1861 2380 1900 custodire

2074 1923 2320 1973 sepulchrum
2338 1936 2384 1962 us

2073 1998 2173 2036 quae
2191 1986 2232 2024 in
2251 1987 2355 2025 diem
2375 1993 2433 2026 ter

2072 2049 2169 2087 tium
2185 2069 2194 2079 ·
2223 2061 2273 2087 ne
2291 2048 2391 2089 forte

2072 2110 2231 2150 ueniant
2250 2111 2399 2162 discipu

2071 2173 2096 2211 li
2116 2173 2197 2212 eius
2243 2180 2280 2212 et
2299 2173 2409 2213 suren

2071 2242 2131 2274 tur
2149 2248 2239 2274 eum
2257 2243 2296 2275 et
2315 2236 2447 2277 dicant

2070 2298 2172 2348 plebi
2191 2299 2353 2337 surrexit

2070 2372 2094 2399 a
2112 2361 2272 2399 mortuis
2287 2382 2297 2391 ·
2326 2367 2364 2400 et
2382 2374 2406 2400 e

2068 2423 2117 2461 rit
2136 2424 2370 2463 nouissimus

2068 2497 2174 2524 error
2192 2487 2301 2537 peior
2319 2487 2379 2537 pri

2067 2549 2124 2587 ori
2140 2569 2149 2579 ·
2167 2570 2176 2579 ·
2220 2549 2249 2570 ⁶⁶
2261 2549 2329 2588 Ait
2348 2549 2419 2588 illis
2439 2550 2479 2602 pi

2065 2610 2164 2649 latus
2183 2610 2332 2650 habetis
2352 2624 2421 2651 cus

2065 2674 2176 2712 todes
2195 2674 2244 2712 ite
2265 2674 2415 2713 custodi

2065 2742 2103 2774 te
2123 2736 2222 2774 sicut
2241 2737 2343 2775 scitis
2359 2747 2369 2759 ·

2065 2798 2093 2820 55
2104 2799 2165 2837 11Ιί
2184 2805 2314 2838 autem
2333 2807 2468 2839 euntes

2066 2861 2287 2900 munierunt
2305 2862 2415 2913 sepul
