2872 3268
313 213 386 246 xv.
401 213 563 254 23—XV1.
580 210 651 254 23.]
1155 195 1467 246 IOHANNE-

2262 209 2318 264 65

1353 322 1420 368 sps
1438 318 1647 358 ueritatatis
1661 339 1671 350 ·
2318 328 2400 361 1¹01.
2411 328 2486 361 240
2496 330 2540 362 Β.

102 318 187 352 1²01·
203 319 288 352 239·
316 320 399 359 odit
417 326 455 359 et
473 326 621 371 patrem
640 332 703 359 me
817 318 896 358 dixi
915 318 1028 358 uobis
1045 339 1053 350 ·
1083 318 1180 358 haec
1851 319 2086 370 interrogare
2103 341 2112 352 ·

315 394 383 420 um
402 383 484 422 odit
497 404 505 413 -
536 382 564 404 ²⁴
579 383 611 421 si
630 395 750 434 opera

313 457 395 484 non
414 446 591 484 fecissem
612 447 651 484 in
671 446 697 484 il

312 507 359 546 lis
378 521 453 559 que
473 522 589 548 nemo
610 509 706 548 alius

312 569 403 609 fecit
449 578 653 622 peccatum

313 645 395 672 non
413 633 599 673 haberent
614 655 624 665 ·

313 694 431 735 Nunc
451 703 580 735 autem
598 696 762 736 oderunt

313 770 376 797 me
396 766 433 797 et
451 766 592 809 patrem
611 764 701 798 mesi
714 781 724 791 ·

312 820 343 842 ²5
356 821 433 860 Sed
450 828 492 860 ut
510 822 712 872 impleatur

311 884 474 922 uerbum
493 885 599 935 quod
617 885 658 923 in

313 945 398 996 lege
417 946 569 984 illorum
589 945 688 997 scrip

313 1014 397 1047 tum
415 1015 474 1047 est
516 1013 611 1060 ql‘im
631 1010 708 1049 ode

313 1077 402 1109 runt
421 1083 484 1110 me
503 1072 622 1121 gratis
637 1092 646 1102 ·

312 1130 342 1155 ²⁶
354 1133 456 1172 Cum
475 1140 603 1173 autem
622 1132 769 1174 uenerit

313 1196 526 1235 aduocatus
546 1209 662 1248 quem

313 1271 387 1310 ego
407 1260 559 1298 mittam
577 1261 690 1299 uobis

314 1325 404 1371 spm
422 1322 591 1360 ueritatis
608 1343 617 1353 ·

314 1384 381 1434 qui
401 1396 424 1422 a
442 1391 548 1434 patre
567 1397 687 1434 proce

312 1447 370 1485 dit
415 1447 476 1485 ille
495 1447 656 1486 testifica

311 1509 411 1548 bitur
425 1509 472 1547 de
484 1521 546 1549 me
564 1530 573 1540 ·
602 1508 631 1531 ²⁷
642 1509 693 1549 Et
707 1522 781 1550 uos

311 1596 575 1635 testimonium
594 1597 662 1635 red

312 1657 410 1697 detis
429 1663 524 1708 qfim
543 1660 592 1697 ab
612 1659 667 1697 ini

312 1722 368 1760 tio
388 1733 544 1760 mecum
563 1721 683 1760 fuistis

311 1787 374 1822 16.
387 1782 518 1823 ¹Haec
529 1783 679 1823 locutus
692 1797 797 1824 sum-

311 1846 425 1885 uobis
444 1852 486 1884 ut
500 1837 586 1885 'non
607 1858 701 1885 scan

312 1902 528 1947 dalizemini
544 1929 553 1939 ·
583 1907 597 1928 ²
609 1913 703 1959 qum

310 1970 351 2009 in
371 1983 570 2021 synagoga
589 1983 661 2010 uos
681 1972 717 2011 ei

310 2033 413 2072 cient
428 2054 437 2063 ·
481 2033 559 2072 Sed
578 2034 667 2072 ueni

309 2102 348 2134 et
366 2096 462 2135 hora
480 2103 521 2135 ut
540 2097 669 2135 omnis

310 2159 376 2210 qui
395 2170 468 2197 uos
486 2159 671 2198 occiderit
686 2180 696 2190 ·

310 2221 486 2260 aestimet
506 2233 548 2260 se
569 2223 667 2260 sacri

310 2284 442 2323 ficium
461 2285 598 2323 offerre
619 2285 670 2323 (1(“)
687 2306 696 2315 ·
708 2307 765 2314 -

310 2346 324 2368 ³
336 2346 388 2385 Et
407 2346 479 2385 hec
499 2346 646 2386 faciunt
664 2351 759 2398 qiim

311 2421 394 2447 non
414 2415 684 2459 cognouerunt

313 2477 463 2522 patrem
482 2484 631 2522 nequae

315 2545 380 2571 me
396 2553 405 2562 ·
435 2533 450 2553 ⁴
463 2532 541 2571 Sed
559 2533 655 2572 haec
673 2533 764 2573 locu

316 2601 377 2633 tus
398 2606 485 2632 sum
503 2596 618 2634 uobis
662 2602 705 2635 ut

318 2668 410 2694 curn
428 2657 577 2695 uenerit
595 2657 692 2696 hora

317 2718 469 2757 illorum
487 2720 656 2759 memine

317 2781 399 2820 ritis
416 2802 425 2811 ·
467 2785 561 2833 qum
579 2794 654 2832 ego

816 388 946 420 autem
964 382 1076 421 uobis
1096 382 1174 421 abi

815 444 910 483 nitio
930 457 1011 483 non
1030 445 1110 483 dixi
1129 443 1219 496 quia

814 507 1019 545 uobiscum
1037 520 1144 546 eram

813 568 828 590 ⁵
843 568 960 608 Nunc
981 576 1110 609 autem
1128 570 1231 609 uado

814 631 865 669 ad
884 644 973 670 eum
993 633 1058 683 qui
1077 645 1139 671 me
1158 633 1213 671 mi

814 694 863 732 sit
878 715 887 725 ·
927 694 979 733 Et
998 708 1116 734 nemo
1136 709 1184 736 ex

814 757 928 795 uobis
947 757 1157 809 interrogat

813 831 876 857 me
897 831 975 868 quo
993 820 1103 858 uadis
1119 841 1128 851 ·

813 881 827 902 ⁶
845 881 920 919 Sed
935 882 1026 931 quia
1045 882 1116 922 hec
1135 883 1225 922 locu

814 949 875 981 tus
895 956 982 982 sum
999 946 1113 983 uobis
1132 947 1198 985 tris

814 1006 896 1046 titia
914 1007 1073 1057 repleuit
1092 1021 1161 1047 cor

814 1075 984 1107 uestrum
1000 1091 1009 1100 ·
1039 1071 1054 1091 ⁷
1068 1070 1144 1109 Sed
1162 1084 1184 1110 e

816 1143 869 1182 go
889 1132 1087 1171 ueritatem
1107 1134 1196 1173 dico

816 1194 927 1233 uobis
944 1215 953 1225 ·
996 1196 1151 1246 expedit
1169 1209 1221 1235 uo

816 1257 876 1295 bis
895 1263 936 1295 ut
955 1270 1030 1308 ego
1050 1271 1137 1297 eam
1154 1280 1163 1290 ·
1205 1259 1245 1298 Si

817 1326 944 1358 autem
964 1333 1038 1370 ego
1059 1334 1140 1360 non
1160 1323 1223 1361 abi

815 1394 883 1420 ero
910 1383 1120 1422 aduocatus

815 1457 896 1484 non
914 1446 1042 1484 ueniet
1061 1446 1111 1495 ad
1128 1458 1200 1485 uos

816 1507 858 1546 Si
877 1515 1005 1546 autem
1024 1509 1132 1548 hiero
1152 1510 1223 1549 mit

813 1600 894 1632 tam
913 1595 1019 1633 illum
1039 1596 1089 1634 ad
1108 1608 1181 1635 uos
1195 1617 1204 1627 ·

813 1657 875 1695 ⁸et
894 1670 983 1696 cum
1002 1660 1148 1697 uenerit
1167 1659 1229 1698 ille

812 1727 946 1770 arguet
965 1722 1154 1759 mundum
1175 1722 1222 1761 de

812 1788 973 1832 peccato
1019 1789 1056 1822 et
1077 1785 1124 1823 de
1143 1784 1231 1824 iusti

812 1845 864 1883 tia
910 1851 948 1883 et
967 1846 1014 1884 de
1033 1846 1175 1885 iudicio
1193 1868 1201 1878 ·

811 1906 825 1927 ⁹
840 1907 900 1945 De
919 1916 1080 1957 peccato
1100 1910 1257 1958 quidem

812 1970 903 2020 quia
922 1982 1004 2008 non
1022 1970 1175 2010 credide

810 2033 1029 2071 runtinme·
1040 2054 1047 2063 -
1058 2054 1067 2063 ·
1083 2032 1176 2072 1⁰De
1184 2035 1270 2073 iusti

810 2094 864 2132 tia
879 2101 1008 2132 autem
1028 2099 1124 2145 qfim
1143 2097 1193 2135 ad

810 2163 958 2207 patrem
977 2170 1105 2196 meum
1126 2171 1177 2197 ua

811 2220 863 2258 do
881 2226 919 2258 et
938 2233 1018 2259 non
1038 2221 1216 2261 uidebitis

811 2294 874 2320 me
891 2303 899 2312 ·
916 2304 924 2314 ·
942 2304 950 2313 ·
987 2282 1015 2303 11
1028 2282 1089 2322 De
1109 2285 1251 2325 iudicio

811 2352 942 2384 autem
961 2350 1055 2397 qfim
1075 2348 1160 2397 prin

813 2421 906 2459 ceps
925 2408 1037 2447 huius
1057 2410 1192 2449 mundi

814 2471 892 2509 iam
913 2471 1103 2510 iudicatus
1123 2480 1180 2511 est
1196 2494 1205 2504 ·

814 2531 843 2554 ²²
850 2532 991 2572 Adhuc
1003 2535 1123 2573 multa
1137 2535 1264 2575 habeo

816 2597 929 2635 uobis
950 2597 1076 2635 dicere
1091 2618 1099 2628 ·
1144 2598 1213 2636 sed

819 2671 899 2696 non
918 2659 1081 2708 potestis
1102 2671 1174 2709 por

818 2726 899 2759 tare
919 2720 1040 2758 modo
1056 2741 1065 2750 ·
1096 2721 1124 2742 ¹³
1137 2733 1228 2760 cum

819 2789 949 2822 autern
967 2783 1114 2823 uenerit
1131 2783 1194 2822 ille

1353 381 1490 431 diriget
1507 393 1578 421 uos
1598 382 1638 420 in
1657 394 1723 421 om

1351 456 1441 482 nem
1460 445 1661 483 ueritatem
1679 465 1688 475 ·

1350 518 1431 544 non
1448 507 1554 545 enim
1573 507 1689 557 loque

1349 574 1410 606 tur
1429 570 1479 607 ab
1498 581 1538 608 se
1555 590 1565 600 ·
1609 569 1686 608 Sed
1705 566 1752 622 qs

1348 643 1514 682 cumque
1542 632 1653 671 audie

1347 693 1395 731 rit
1414 706 1460 732 ea
1477 693 1647 744 loquitur
1663 715 1672 725 ·

1348 754 1401 792 Et
1419 763 1581 795 uentura
1600 757 1733 795 adnun

1348 817 1456 855 tiabit
1474 819 1586 856 uobis
1603 840 1612 849 ·
1642 820 1670 840 ¹⁴
1682 820 1744 858 ille

1348 891 1411 918 me
1426 880 1641 921 honorifica

1349 942 1404 995 bit
1450 943 1540 993 quia
1559 944 1606 982 de
1627 957 1716 984 meo

1349 1005 1513 1055 accipiet
1558 1014 1596 1046 et
1614 1007 1665 1046 ad

1349 1068 1538 1107 nuntiabit
1555 1070 1668 1108 uobis
1684 1091 1693 1101 ·

1349 1128 1379 1150 ²⁵
1394 1129 1542 1169 Omnia
1557 1143 1750 1182 quaecum

1350 1204 1425 1243 que
1448 1193 1563 1232 habet
1581 1201 1689 1245 pater
1768 1196 1770 1198 ’

1349 1267 1438 1293 mea
1457 1262 1569 1294 sunt·
1584 1277 1592 1286 -
1633 1270 1733 1309 prop

1349 1322 1455 1356 terea
1473 1318 1548 1357 hoc
1567 1319 1648 1357 dixi
1666 1332 1719 1359 uo

1350 1380 1408 1417 bis
1422 1402 1430 1410 ·
1447 1381 1538 1431 quia
1558 1382 1605 1421 de
1625 1395 1714 1422 meo

1351 1443 1513 1492 accipiet
1535 1450 1573 1482 et
1592 1445 1725 1484 adnun

1349 1504 1459 1544 tiabit
1476 1507 1587 1545 uobis
1600 1525 1654 1542 ψ,

1267 1620 1271 1623 -
1318 1589 1337 1611 *
1354 1589 1384 1613 ¹⁶
1394 1592 1580 1632 Pusillum
1599 1595 1726 1635 adhuc

1317 1651 1336 1673 *
1354 1660 1392 1692 et
1406 1667 1487 1694 non
1505 1657 1682 1697 uidebitis
1700 1671 1763 1698 me

1316 1715 1334 1737 *
1351 1717 1539 1757 etiterum
1558 1722 1656 1770 pusil

1345 1780 1427 1818 ium
1447 1787 1483 1819 et
1502 1782 1680 1822 uidebitis
1700 1797 1762 1824 me
1785 1807 1794 1817 -

1325 1878 1327 1880 ,
1346 1847 1441 1892 qum
1459 1844 1562 1883 uado
1582 1846 1632 1884 ad
1646 1853 1799 1896 patre--

1346 1904 1375 1926 ²⁷
1387 1905 1580 1946 Dixerunt
1594 1921 1689 1958 ergo
1708 1923 1756 1949 ex

1348 1967 1544 2018 discipulis
1565 1971 1646 2009 eius
1662 1972 1703 2009 in

1345 2035 1403 2069 tra
1423 2043 1464 2069 se
1480 2052 1489 2061 ·
1533 2033 1626 2083 quid
1645 2041 1702 2073 est
1721 2034 1798 2074 hoc

1346 2094 1452 2143 quod
1472 2095 1572 2133 dicet
1592 2097 1705 2135 nobis
1726 2110 1780 2148 pu

1347 2157 1472 2195 sillum
1493 2163 1530 2196 et
1550 2171 1629 2197 non
1649 2160 1739 2198 uide

1346 2220 1433 2258 bitis
1453 2233 1515 2259 me
1535 2227 1572 2260 et
1590 2222 1727 2261 iterum

1346 2283 1528 2333 pusillum
1548 2291 1586 2322 et
1603 2285 1692 2323 uide

1346 2345 1435 2384 bitis
1455 2358 1517 2384 me
1554 2347 1605 2386 Et
1625 2352 1718 2398 qum
1737 2361 1788 2388 ua

1349 2408 1400 2447 do
1419 2408 1468 2446 ad
1487 2415 1636 2459 patrem
1650 2431 1659 2441 ·

1349 2470 1377 2492 ¹⁸
1390 2471 1583 2510 Dicebant
1601 2485 1694 2524 ergo
1708 2474 1801 2524 quid

1350 2540 1408 2572 est
1427 2533 1502 2572 hoc
1523 2536 1630 2586 quod
1651 2536 1743 2575 dicit

1350 2596 1534 2646 pusillum
1553 2598 1747 2637 nescimus

1352 2658 1444 2708 quid
1463 2658 1631 2708 loquitur
1643 2680 1652 2690 ·
1668 2681 1676 2691 ·

1851 388 1889 420 et
1909 382 2004 421 dixit
2022 383 2078 421 eis
2092 404 2101 414 ·
2142 383 2190 422 de
2209 384 2286 425 hoc

1851 445 2031 494 quaeritis
2051 446 2101 484 ad
2120 446 2200 485 inui

1851 519 1939 545 cem
1959 508 2049 557 quia
2069 508 2172 547 dixi·

1848 569 2029 619 pusillum
2047 576 2085 609 et
2104 583 2185 610 non

1849 631 2028 670 uidebitis
2046 645 2109 671 me
2126 654 2135 664 ·
2178 640 2215 672 et
2234 635 2247 673 i

1849 699 1972 732 terum
1992 696 2174 745 pusillum

1848 762 1886 794 et
1904 757 2083 796 uidebitis
2102 771 2164 798 me
2181 780 2191 790 ·

1848 817 1877 838 ²⁰
1887 819 2016 857 Amen
2036 833 2151 860 amen
2172 822 2262 863 dico

1846 881 1958 920 uobis
1973 902 1982 912 ·
2025 883 2115 933 quia
2133 896 2206 923 uos

1848 942 1986 982 flebitis
2006 951 2043 983 et
2062 946 2203 996 plange

1847 1006 1936 1044 bitis
1953 1027 1962 1036 ·
1991 1008 2160 1047 mundus

1849 1075 1980 1107 autem
1998 1071 2181 1120 gaudebit
2197 1093 2209 1103 ·

1849 1129 1935 1169 Uos
1955 1132 2072 1171 tristis
2091 1134 2193 1172 eritis
2211 1155 2220 1165 ·

1850 1193 1919 1232 sed
1938 1195 2084 1234 tristitia
2102 1204 2230 1236 uestra

1849 1256 1890 1293 in
1909 1257 2094 1307 gaudium
2111 1260 2240 1299 ueniet
2252 1281 2262 1290 ·

1848 1317 1877 1338 ²1
1890 1318 2032 1358 Mulier
2051 1333 2139 1360 cum
2159 1328 2271 1372 partu

1848 1382 1896 1420 rit
1915 1382 2104 1421 tristitiam
2124 1384 2175 1423 ha

1849 1445 1915 1482 bet
1934 1448 2027 1495 qfim
2045 1447 2151 1484 uenit
2170 1446 2223 1486 ho

1849 1518 1892 1545 ra
1910 1507 1992 1546 eius
2008 1528 2017 1538 ·
2068 1508 2169 1547 Cum
2188 1521 2239 1548 au

1848 1599 1928 1632 tem
1948 1595 2096 1644 peperit
2114 1596 2221 1635 infan

1850 1663 1930 1694 tem
1949 1669 2030 1696 non
2048 1664 2106 1696 est
2125 1667 2272 1698 mem0r

1853 1719 1998 1758 doloris
2018 1728 2176 1770 propter

1849 1781 2032 1832 gaudium
2071 1784 2161 1833 quia
2180 1796 2234 1822 na

1848 1850 1908 1882 tus
1927 1852 1986 1883 est
2001 1846 2121 1884 homo
2141 1846 2181 1884 in
2202 1846 2277 1886 hoc

1847 1907 1997 1945 mundo
2015 1928 2023 1937 -
2052 1905 2081 1927 ²²
2092 1908 2143 1946 Et
2161 1921 2236 1947 uos

1847 1981 1941 2018 ergo
1962 1982 2064 2008 nunc
2079 1971 2195 2020 quide

1846 2032 2037 2070 tristitiam
2056 2032 2159 2071 habe

1845 2094 1894 2132 tis
1911 2115 1920 2124 ·
1962 2094 2108 2133 Iterum
2128 2100 2217 2135 aute

1845 2156 1988 2195 uidebo
2007 2169 2080 2196 uos
2100 2166 2136 2196 et
2155 2171 2233 2209 gau

1848 2218 1954 2257 debit
1974 2231 2040 2258 cor
2060 2225 2187 2259 uestri-1
2203 2242 2212 2252 ·

1848 2281 1899 2319 Et
1918 2294 2035 2321 nemo
2055 2283 2177 2322 aufert
2195 2296 2273 2334 gau

1850 2344 1956 2382 dium
1976 2352 2146 2383 uestrum

1850 2418 1874 2444 a
1887 2407 2002 2444 uobis
2018 2427 2027 2437 ·
2057 2406 2085 2428 ²³
2100 2407 2152 2446 Et
2170 2409 2211 2446 in
2232 2408 2296 2448 illa

1850 2468 1912 2507 die
1931 2481 1994 2507 me
2013 2469 2107 2508 nihil
2126 2471 2225 2509 inter

1849 2531 2035 2580 rogabitis
2050 2552 2059 2562 ·
2076 2553 2085 2562 ·
2100 2553 2108 2562 ·
2150 2532 2283 2572 Amen

1849 2605 1966 2631 amen
1985 2594 2073 2632 dico
2093 2595 2207 2634 uobis

1849 2657 1881 2694 si
1900 2656 1992 2706 quid
2011 2657 2194 2707 petieritis

1350 2720 1378 2743 ¹⁹
1392 2721 1588 2771 Cognouit
1607 2728 1735 2760 autem
1755 2723 1814 2762 ihs
1848 2724 1999 2769 patrem
2018 2719 2058 2757 in
2078 2720 2242 2760 nornine

1349 2787 1444 2835 qfim
1463 2784 1647 2825 uolebant
1662 2785 1761 2824 illu-

1848 2793 1939 2821 meo
1959 2781 2065 2821 dabit
2082 2783 2196 2821 uobis

2070 2866 2098 2893 1<
