2872 3268
103 345 107 352 .
127 317 210 350 1¹01.
225 319 288 352 ⁹9.

318 213 357 245 V.
376 213 506 256 37-V1.
523 212 592 257 25.]

317 319 431 358 mittit
449 320 584 359 uinum
604 333 657 359 no

316 393 412 420 uum
431 382 471 420 in
493 389 597 421 utres
615 395 663 422 ue

316 449 419 482 teres
436 466 444 474 ·
472 445 646 496 alioquin
663 466 672 476 ·

315 507 460 556 rumpit
478 507 614 546 uinum
633 520 686 548 no

292 598 295 599 γ
314 580 411 606 uum
430 575 532 608 utres
578 577 616 608 et
634 571 673 621 ip

314 642 402 669 sum
422 632 660 671 effundetur-

312 698 351 731 et
370 700 474 733 utres
493 695 673 747 peribunt

312 754 341 776 ³⁸
355 755 432 795 Sed
445 757 580 795 uinum
595 770 743 796 nouum

312 818 353 856 in
372 825 474 858 utres
493 832 618 859 nouos

313 881 471 920 mittunt
487 903 496 912 ·
539 890 576 921 et
595 889 681 922 utra

313 955 390 994 que
409 952 688 983 conseruantur
701 965 711 975 ·

312 1006 398 1044 ³⁹Et
413 1019 529 1046 nemo
542 1020 633 1046 cum
645 1007 781 1047 biberit

312 1074 425 1108 uetus
473 1070 603 1108 statim
622 1070 706 1108 uult

311 1143 461 1170 nouum
477 1152 486 1162 ·
528 1132 619 1171 dicit
638 1136 701 1170 eni

309 1200 421 1233 uetus
441 1195 592 1234 suauior
611 1201 670 1234 est

310 1260 350 1298 6.
373 1255 387 1278 ¹
399 1257 562 1296 Factum
576 1264 634 1297 est
649 1264 778 1297 autem

310 1327 351 1365 in
371 1328 533 1366 sabbato
554 1340 645 1367 cum

309 1391 487 1429 transiret
505 1402 574 1440 per
592 1391 689 1429 semi

309 1458 402 1491 nata
417 1473 426 1482 -
468 1452 664 1491 uellebant

309 1514 488 1566 discipuli
506 1515 588 1554 eius
608 1516 735 1567 spicas

310 1665 568 1705 confricantes
587 1677 653 1704 ma

309 1730 424 1768 nibus
471 1735 509 1767 et
528 1728 725 1766 manduca

308 1793 425 1831 bant·
455 1789 600 1842 ²A1iqui
619 1794 707 1829 aute

308 1853 535 1894 fariseorum
554 1854 639 1892 dice

307 1917 403 1956 bant
420 1909 510 1955 illis>
540 1916 635 1967 quid
658 1915 695 1954 fa

308 1980 393 2019 citis
412 1979 519 2031 quod
540 1991 621 2018 non
640 1978 730 2017 licet

307 2042 433 2081 facere
453 2041 621 2080 sabbatis
638 2062 647 2072 ·

307 2105 321 2126 ³
333 2105 552 2155 Respondit
569 2104 628 2142 ihs
647 2109 685 2142 et

307 2167 403 2206 dixit
422 2167 494 2206 illis
511 2188 520 2197 ·
567 2163 640 2205 nec
661 2166 737 2205 hoc

306 2229 450 2281 legistis
469 2229 577 2281 quod
595 2228 686 2267 fecit

307 2293 426 2332 dauid
445 2304 536 2330 cum
556 2291 680 2330 aesuri

306 2356 335 2394 it
354 2356 438 2406 ipse
457 2361 495 2393 et
514 2354 580 2405 qui
601 2365 693 2392 cum

307 2429 356 2457 eo
376 2423 485 2456 erant
498 2437 507 2446 ·
537 2417 709 2467 *quomo

308 2480 360 2519 do
378 2479 533 2517 intrauit
551 2479 592 2516 in
605 2479 656 2517 do

307 2554 417 2580 mum
436 2541 476 2579 di
489 2561 498 2570 ·
542 2547 580 2578 et
598 2540 711 2590 panis

307 2603 585 2654 propositionis
604 2614 693 2641 sum

309 2667 357 2706 sit
376 2672 414 2704 et
433 2664 682 2703 manducauit

307 2735 346 2768 et
366 2727 470 2766 dedit
489 2726 548 2764 his
567 2726 633 2776 qui
653 2732 736 2764 cu-

306 2803 356 2830 eo
376 2795 484 2830 erant
500 2809 508 2819 ·
538 2799 637 2839 quos
652 2799 734 2826 non

1203 209 1436 252 LUCAN-

818 320 958 360 licebat
978 322 1175 362 manduca

817 396 858 422 re
905 385 977 423 nisi
996 391 1146 423 tantum

818 447 1081 487 sacerdotibus
1095 469 1104 478 ·

817 508 893 547 ⁶Et
913 510 1065 548 dicebat
1084 510 1154 548 illis
1174 511 1264 562 quia

816 571 889 610 dfis
908 579 966 611 est
985 573 1083 611 filius
1102 573 1155 612 ho

815 634 931 672 minis
954 636 1069 673 etiam
1089 637 1158 674 sab

814 696 915 735 bati·
945 697 1131 736 ⁶Factum

814 765 873 797 est
891 765 1022 798 autem
1036 781 1044 790 ·
1084 767 1121 799 et
1143 761 1184 799 in
1203 760 1252 800 ali

815 833 841 860 0
861 822 1024 861 sabbato
1041 843 1050 853 ·
1092 830 1134 861 ut
1154 823 1193 861 in

815 890 929 922 traret
947 884 987 922 in
1007 897 1157 935 synago

814 958 906 996 gam
933 954 971 985 et
993 947 1148 986 doceret
1162 969 1170 978 ·

814 1015 852 1047 et
865 1015 947 1048 erat
966 1010 1018 1047 ibi
1038 1009 1158 1049 homo

814 1078 852 1109 et
875 1084 1015 1110 manus
1034 1073 1116 1110 eius
1136 1073 1211 1112 dex

812 1141 869 1173 ter
885 1141 965 1172 erat
986 1135 1092 1173 arida
1105 1156 1114 1165 ·

811 1196 825 1218 ⁷
835 1195 1107 1236 Obseruabant
1122 1210 1171 1236 au

811 1265 890 1297 tem
909 1260 1058 1299 scribae
1077 1266 1115 1298 et
1133 1260 1171 1298 fa

810 1322 921 1361 risaei
934 1343 943 1352 ·
994 1322 1033 1360 Si
1052 1324 1213 1362 sabbato

811 1391 960 1423 curaret
986 1391 1028 1423 ut
1046 1386 1135 1424 inue

812 1447 937 1486 nitent
958 1459 1140 1487 accusare

810 1660 917 1698 illum
955 1659 1064 1711 ⁸ipse
1083 1666 1213 1699 autem

811 1723 958 1761 sciebat
973 1723 1154 1773 cogitatio

811 1797 880 1823 nes
899 1797 1034 1824 eorum
1049 1807 1057 1816 ·
1101 1787 1152 1826 Et
1171 1788 1223 1826 ait

811 1847 960 1886 homini
983 1849 1048 1899 qui
1071 1849 1263 1888 habaebat

811 1922 973 1948 manum
993 1912 1142 1950 aridam
1159 1933 1167 1942 ·

812 1985 927 2023 surge
939 1980 978 2012 et
991 1981 1049 2012 sta
1059 1974 1098 2012 in
1111 1974 1241 2013 medio

810 2042 848 2074 et
869 2048 1031 2086 surgens
1051 2037 1153 2075 stetit

811 2099 883 2136 ⁹ait
895 2107 1023 2137 autem
1035 2099 1092 2137 ihs
1105 2099 1154 2138 ad
1166 2099 1264 2138 illos·

810 2161 1056 2212 interrogabo
1075 2174 1147 2200 uos
1174 2163 1223 2200 ali

809 2224 902 2275 quid
919 2245 928 2254 ·
957 2224 1045 2263 licet
1060 2225 1222 2274 sabb-ato

809 2286 1035 2325 benefacere
1050 2308 1058 2317 ·
1102 2300 1152 2326 an
1172 2300 1236 2326 ma

808 2350 974 2388 lesacere
988 2370 997 2379 ·
1027 2351 1193 2388 anima*-

811 2411 956 2450 saluam
973 2411 1057 2450 face
1077 2425 1128 2450 an
1149 2425 1217 2462 per

810 2473 902 2513 dere
916 2495 925 2504 ·
954 2473 983 2495 ¹⁰
995 2474 1046 2512 Et
1065 2475 1211 2513 circum

810 2537 951 2587 spectis
970 2537 1042 2575 illis
1061 2538 1243 2576 omnibus

810 2599 851 2636 in
869 2599 924 2636 ira
943 2598 1039 2636 dixit
1058 2599 1207 2636 homini
1223 2619 1231 2628 ·

809 2660 976 2699 extende
991 2672 1151 2698 manum
1164 2668 1273 2699 tua--

810 2730 848 2762 et
866 2722 1037 2761 extendit
1053 2743 1062 2752 ·
1102 2728 1141 2760 et
1159 2723 1248 2761 resti

810 2791 890 2823 tuta
908 2790 966 2824 est
984 2797 1123 2824 manus
1138 2785 1221 2824 eius

810 2848 908 2887 sicut
927 2847 1045 2886 altera
1059 2868 1113 2875 —-

1353 321 1381 343 ¹¹
1394 323 1467 374 ipsi
1486 330 1614 363 autem
1634 324 1738 376 reple

1353 387 1381 424 ti
1401 393 1488 425 sunt
1507 388 1667 439 iniquita

1352 455 1430 487 tem
1444 470 1452 479 ·
1500 449 1551 488 Et
1570 450 1763 501 conloque

1351 513 1490 550 bantur
1503 513 1552 551 ad
1570 513 1695 551 inuice

1351 575 1444 625 quid
1463 574 1634 613 facerent
1650 575 1697 614 de

1431 655 1485 671 m
1504 637 1570 675 ihu
1590 655 1644 672 se·—

1317 691 1336 713 *
1351 697 1380 718 ¹²
1391 699 1554 738 Factum
1573 707 1631 739 est
1650 713 1699 739 au

1318 759 1337 781 *
1353 768 1431 800 tem
1450 763 1491 800 in
1510 762 1579 800 illis
1600 762 1735 802 diebus

1348 825 1438 863 exiit
1458 825 1497 862 in
1517 831 1693 864 montem

1348 898 1456 925 orare
1470 908 1478 917 ·
1514 894 1552 926 et
1571 894 1651 926 erat

1348 955 1582 999 pernoctans
1602 950 1642 988 in
1661 963 1686 989 o

1348 1012 1495 1050 ratione
1516 1012 1555 1051 di
1570 1033 1578 1042 ·
1608 1012 1698 1051 ¹⁸Et
1718 1016 1768 1051 cii

1349 1073 1430 1112 dies
1449 1074 1574 1113 factus
1592 1081 1650 1114 est
1664 1095 1673 1105 ·
1715 1087 1767 1114 uo

1349 1137 1451 1174 cauit
1471 1136 1521 1174 ad
1542 1149 1584 1175 se
1605 1137 1753 1188 discipu

1347 1198 1406 1237 los
1427 1211 1520 1237 suos
1536 1220 1545 1229 ·
1590 1198 1641 1237 Et
1660 1198 1772 1249 elegit

1347 1260 1553 1299 duodecim
1573 1274 1621 1300 ex
1642 1262 1734 1312 ipsis
1748 1283 1756 1292 ·

1347 1335 1444 1373 quos
1464 1329 1501 1361 et
1521 1325 1718 1374 apostolos

1346 1387 1639 1435 cognominauit
1653 1408 1662 1417 ·

1346 1447 1375 1468 ¹⁴¹
1383 1448 1591 1487 Simonem
1606 1462 1722 1500 quem
1743 1456 1813 1501 e⁰g

1346 1511 1561 1549 nominauit
1580 1517 1692 1562 petri-1
1706 1533 1714 1542 ·

1345 1572 1395 1611 Et
1415 1574 1599 1612 andream
1618 1574 1732 1613 fratre

1344 1661 1426 1700 eius
1442 1682 1450 1691 ·
1491 1661 1672 1701 iacobum
1692 1669 1729 1701 et
1746 1663 1785 1702 io

1345 1724 1517 1762 hannem
1534 1746 1543 1755 ·
1583 1725 1765 1775 filippu--

1345 1794 1382 1825 et
1402 1787 1712 1827 bartholomeum
1728 1809 1736 1819 ·

1344 1848 1373 1870 ²⁵
1384 1856 1421 1888 et
1441 1850 1656 1889 mattheum
1670 1871 1678 1880 ·
1709 1857 1747 1889 et

1343 1912 1506 1950 thoman
1526 1933 1535 1942 ·
1576 1913 1757 1951 iacobum

1344 1975 1432 2013 alsei
1448 1996 1457 2005 ·
1500 1981 1538 2014 et
1558 1975 1751 2014 simonem

1345 2038 1411 2087 qui
1430 2043 1589 2076 uocatur
1609 2038 1751 2076 zelotes
1768 2058 1777 2068 ·

1344 2099 1372 2121 ¹⁶
1384 2100 1516 2138 iudam
1532 2100 1657 2139 iacobi
1673 2121 1681 2130 ·
1723 2107 1760 2139 et
1772 2101 1811 2138 iu

1345 2162 1436 2200 dam
1456 2162 1624 2201 scarioth
1644 2163 1710 2214 qui

1342 2225 1412 2262 fuit
1431 2226 1670 2275 proditor—
1709 2219 1715 2224 ’

1343 2286 1371 2309 ¹⁷
1384 2287 1434 2326 Et
1453 2288 1653 2326 descendit
1666 2299 1755 2326 cum

1343 2351 1415 2388 illis
1432 2371 1441 2380 ·
1485 2357 1523 2389 et
1539 2351 1640 2388 stetit
1655 2350 1695 2388 in
1714 2350 1754 2389 lo

1344 2425 1391 2451 co
1416 2413 1622 2462 campestri
1670 2419 1708 2450 et

1342 2476 1455 2513 turba
1475 2471 1769 2524 discipuloru--⁴

1343 2544 1381 2575 et
1400 2537 1605 2589 multitudo
1627 2537 1742 2586 copio

1343 2611 1386 2638 sa
1405 2600 1529 2650 plebis
1550 2620 1559 2629 ·
1589 2599 1651 2637 Ab
1672 2599 1780 2637 omni

1343 2661 1458 2699 iudea
1504 2667 1542 2699 et
1561 2660 1782 2700 hierusale-
1797 2681 1806 2691 ·

1343 2730 1381 2763 et
1399 2730 1503 2761 trans
1523 2723 1662 2761 fretum
1677 2743 1686 2753 ·

1342 2792 1380 2825 et
1398 2786 1602 2823 marittima
1617 2785 1689 2835 tyri

1343 2854 1380 2887 et
1395 2847 1542 2887 sidonis
1556 2868 1564 2878 ·
1592 2846 1692 2899 ¹³qui
1708 2860 1809 2887 uene

1706 2917 1792 2950 rant

2268 212 2317 254 81

1852 331 1894 363 ut
1914 325 2089 364 audirent
2108 338 2198 365 eum

1853 394 1891 426 et
1911 394 2140 427 sanarentur
2158 402 2180 428 a
2200 389 2264 428 lan

1852 450 2039 500 guoribus
2060 452 2138 489 suis
2160 472 2168 482 ·
2213 459 2251 490 et

1852 512 1918 562 qui
1936 514 2177 551 uexabantur
2196 527 2219 552 a

1852 574 2046 624 spiritibus
2061 575 2199 615 inmun

1852 636 1911 674 dis
1931 644 2154 677 curarentur
2168 660 2176 669 -

1850 697 1880 720 ¹⁹
1891 699 1942 737 Et
1961 701 2089 739 omnis
2103 702 2214 740 turba
2233 714 2309 753 que

1851 762 1959 800 rebat
1979 775 2069 801 eum
2089 770 2209 814 tange

1849 836 1890 862 re
1908 845 1917 854 ·
1957 826 2048 876 quia
2066 826 2186 865 uirtus
2206 827 2254 866 de

1849 886 1914 924 illo
1935 887 2090 927 exiebat
2109 895 2147 927 et
2166 901 2234 927 om

1848 960 1918 986 nes
1939 951 2122 989 sanabat·
2153 949 2245 990 ²0Et

1847 1011 1932 1060 ipse
1952 1012 2111 1052 eleuatis
2131 1014 2255 1054 oculis

1847 1073 1887 1110 in
1907 1073 2193 1125 discipulosuos
2207 1098 2216 1107 ·

1847 1135 1997 1175 dicebat
2010 1158 2019 1166 ·
2038 1158 2046 1167 ·
2095 1137 2206 1177 Beati

1847 1210 2038 1248 pauperes
2058 1201 2150 1251 quia
2168 1213 2216 1240 ue

1847 1267 1968 1299 strum
1989 1269 2047 1300 est
2066 1275 2231 1312 regnum

1848 1322 1909 1360 di-
1928 1344 1936 1353 ·
1966 1323 1992 1346 ²¹
2003 1324 2111 1363 Beati
2127 1326 2192 1376 qui
2208 1338 2312 1366 nunc

1847 1386 2016 1424 esuriunt
2036 1393 2073 1425 et
2089 1388 2219 1427 sitiunt
2233 1410 2242 1418 ·

1846 1448 1935 1498 quia
1954 1448 2027 1498 ipsi
2048 1451 2258 1489 saturabun

1846 1517 1907 1548 tur
1923 1531 1931 1540 ·
1972 1511 2082 1550 Beati
2103 1513 2168 1562 qui
2188 1525 2293 1552 nunc

1846 1572 1945 1611 fletis
1959 1594 1968 1603 ·
2017 1574 2106 1624 quia
2125 1575 2292 1625 gaudebi

2337 341 2419 373 1¹01.
2433 342 2513 375 100.

1848 1660 1894 1698 tis
1911 1681 1920 1690 -
1950 1658 1979 1680 ²²
1993 1660 2103 1700 Beati
2123 1663 2225 1701 eritis

1847 1735 1937 1760 cum
1957 1735 2029 1761 uos
2049 1724 2202 1763 oderint

1846 1785 2026 1824 homines
2074 1793 2111 1824 et
2130 1799 2220 1825 eum

1845 1849 2081 1897 separabunt
2100 1861 2173 1888 uos
2190 1870 2198 1879 ·

1845 1916 1882 1948 et
1902 1923 1992 1948 cum
2012 1911 2151 1949 eicient
2203 1918 2242 1950 et
2261 1925 2310 1951 ex

1844 1973 2064 2022 probabunt
2084 1986 2231 2013 nomen

1844 2042 2018 2074 uestrum
2064 2042 2255 2087 tamqua-

1845 2098 2059 2146 malignum
2074 2119 2082 2127 -
2139 2111 2240 2149 prop

1844 2166 1900 2197 ter
1922 2160 2042 2197 filium
2061 2160 2228 2200 hominis
2243 2183 2252 2191 ·

1843 2220 1871 2242 ²³
1881 2221 2058 2261 Gaudete
2071 2223 2110 2261 in
2123 2224 2185 2262 illa
2197 2224 2258 2262 die
2272 2230 2310 2262 et

1843 2284 2009 2323 exultate
2022 2305 2031 2315 ·
2079 2297 2172 2324 ecce
2192 2291 2255 2325 eni

1844 2359 1992 2385 merces
2011 2355 2140 2386 uestra
2159 2349 2240 2386 mul

1843 2415 1882 2447 ta
1903 2410 1943 2446 in
1963 2410 2072 2448 caelo
2087 2431 2095 2439 ·
2114 2431 2122 2440 ·
2155 2409 2284 2449 Secun

1843 2471 1936 2509 dum
1956 2472 2051 2510 haec
2072 2473 2176 2510 enim
2191 2473 2290 2512 facie

1842 2534 1936 2571 bant
1956 2540 1993 2572 et
2012 2534 2171 2583 profetis
2191 2547 2243 2585 pa

1842 2601 1919 2633 tres
1940 2608 2075 2634 eorum
2092 2617 2101 2626 ·
2117 2619 2172 2624 —

1841 2658 1871 2680 ²⁴
1883 2657 2167 2697 Uerumtamen
2187 2671 2262 2698 uae

1841 2720 1955 2758 uobis
1976 2720 2156 2760 diuitibus
2176 2723 2242 2772 qui

1841 2781 1989 2821 habetis
2009 2784 2224 2822 consolatio

1842 2857 1933 2883 nem
1953 2852 2145 2884 uestram·
2180 2845 2307 2886 ²⁵Uae

1842 2907 1954 2947 uobis
1973 2908 2040 2960 qui
2061 2910 2217 2948 saturati
2237 2922 2279 2948 es

1911 2979 1916 2981 ·
2075 3022 2077 3024 ι
2206 2972 2253 3011 tis

2061 3054 2090 3080 M
