2872 3268
526 222 580 263 14
1362 240 1365 245 -
1392 214 1665 256 SECUND·
2273 226 2350 269 [xl.
2365 215 2551 270 8-xn.4.'

2070 330 2155 370 Nisi
2175 331 2273 372 filius
2287 351 2295 360 ·
2331 338 2370 373 et
2390 335 2453 374 cui
2470 335 2496 374 fi
2554 343 2713 377 1¹01.27.

2068 393 2140 434 lius
2159 395 2322 435 uoluerit
2340 410 2382 436 re

2068 456 2196 495 uelare
2211 475 2219 483 ·
2249 456 2277 479 ²⁸
2298 458 2441 499 Uenite

2067 519 2118 557 ad
2138 531 2200 558 me
2220 532 2358 561 omnes
2377 523 2443 573 qui
2859 523 2872 558 ³⁵

2066 581 2249 621 laboratis
2289 590 2327 622 et
2346 584 2399 623 ho

2067 645 2188 683 nerati
2207 646 2299 685 estis
2319 653 2357 685 et
2371 659 2393 685 e

2065 718 2118 757 go
2137 719 2209 746 uos
2227 709 2397 748 reficiam
2415 734 2423 743 -

2063 766 2092 790 ²⁹
2106 769 2247 809 Tollite
2266 771 2398 822 iugum
2417 778 2507 813 mesi

2065 845 2180 883 super
2197 846 2269 873 uos
2287 841 2325 873 et
2345 836 2402 875 dis

1567 329 1608 368 in
1627 330 1739 369 uobis
1794 330 1887 369 olim

1565 393 1697 443 utique
1717 393 1758 430 in
1779 393 1903 432 cilicio

1565 460 1603 493 et
1623 456 1753 494 cinere
1772 456 1888 506 paeni

1563 518 1723 556 tentiam
1741 519 1912 569 egissent

1563 578 1592 602 ²²
1607 581 1762 620 Tamen
1775 582 1863 620 dico
1875 583 1986 622 uobis
2004 600 2011 608 ·

1562 648 1645 693 tyro
1665 651 1703 682 et
1722 644 1847 683 sidoni

1561 707 1755 745 remissius
1773 708 1843 746 erit

1561 769 1601 806 in
1620 769 1680 808 die
1699 770 1827 809 iudicii

1561 843 1678 881 quam
1697 832 1808 872 uobis
1825 853 1832 861 -

1028 327 1210 368 audiendi
1233 328 1363 368 audiat
1377 346 1387 356 ·

1027 391 1056 413 ¹⁶
1068 391 1141 431 Cui
1161 398 1290 430 autem
1312 391 1452 431 adsimi

1024 454 1115 493 labo
1135 454 1333 505 generatio

1025 529 1118 556 nem
1141 518 1254 556 istam
1272 535 1280 543 ·
1327 517 1367 556 Si

1023 580 1125 619 milis
1145 586 1202 618 est
1220 580 1346 630 pueris

1023 642 1242 681 sedentibus
1261 643 1300 680 in
1321 643 1362 682 fo

1021 717 1066 744 ro
1119 712 1158 743 et
1177 705 1358 744 clamanti

1019 768 1092 806 bus
1110 768 1150 805 in
1169 768 1336 806 inuicem

1019 830 1191 869 dicentes
1205 847 1213 855 ·
1243 829 1273 852 ¹⁷
1285 829 1371 869 Can

324 325 410 359 1¹01·
426 326 488 359 26.
521 326 738 367 Hominem
757 327 866 368 molli

517 390 591 429 bus
610 390 789 429 uestitum
806 407 814 417 ·

520 465 614 493 ecce
634 456 701 505 qui
720 454 903 493 mollibus

516 518 734 557 uestiuntur
747 518 788 556 in

517 580 697 621 domibus
719 593 857 632 regum

515 650 627 683 sunt·
671 644 685 665 ⁹
697 644 765 683 sed
785 643 878 695 quid

512 707 643 745 existis
664 705 795 745 uidere

513 768 706 820 profetam
724 769 829 807 etia-

512 832 601 870 dico
621 831 734 870 uobis
754 837 792 868 et
810 839 875 868 am

513 894 613 946 plius
633 906 751 945 quam
774 905 846 944 pro
1018 893 1183 931 tauimus
1201 894 1314 932 uobis
1559 891 1587 914 ²⁸
1600 894 1652 933 Et
1666 901 1707 934 tu
1727 900 1920 946 capernafi
2065 897 2139 934 cite
2159 909 2182 935 a
2201 909 2264 936 me
2284 899 2374 948 quia
2393 899 2447 937 mi

512 956 591 996 feta
604 975 613 983 ·
654 955 684 978 ¹⁰
697 956 774 995 Hic
795 962 853 995 est
864 960 929 995 eni
1019 962 1058 994 et
1077 968 1157 995 non
1178 955 1342 995 saltastis
1358 973 1367 983 ·
1558 969 1658 1007 quae
1677 969 1797 1007 usque
1817 958 1867 996 ad
2063 959 2111 996 tis
2131 971 2218 998 sum
2237 966 2275 998 et
2294 961 2402 999 humi

511 1019 560 1058 de
580 1032 658 1071 quo
678 1019 821 1070 scriptu
1020 1017 1337 1058 Lamentauimus
1558 1020 1709 1058 caelum
1727 1020 1855 1059 exalta
2062 1021 2108 1060 lis
2128 1022 2246 1061 corde
2264 1041 2272 1049 ·
2303 1030 2341 1062 et
2361 1024 2402 1062 in

510 1089 570 1121 est
585 1100 593 1109 ·
651 1094 744 1121 ecce
765 1094 840 1132 ego
1018 1081 1132 1119 uobis
1152 1086 1190 1119 et
1209 1093 1290 1120 non
1309 1081 1401 1131 plax
1556 1087 1595 1120 ta
1615 1094 1657 1120 es
1719 1094 1842 1133 usque
1862 1083 1902 1121 in
2038 1075 2042 1078 ⁷
2060 1085 2220 1124 uenietis
2239 1086 2412 1137 requiem
2864 1066 2872 1085 *

511 1146 622 1185 mitto
642 1145 827 1196 angelum
2059 1147 2199 1186 animis
2218 1150 2356 1188 uestris
2371 1170 2380 1179 ·

510 1220 641 1246 meum
661 1214 750 1246 ante
765 1207 842 1246 faci
2059 1208 2089 1229 ³⁰
2100 1209 2242 1261 Iugum
2261 1212 2366 1250 enim
2385 1225 2518 1253 meum

509 1283 574 1310 em
593 1277 699 1309 tuam
722 1271 789 1321 qui
2059 1284 2178 1312 suaue
2197 1279 2255 1312 est
2277 1284 2280 1285 ⁷
2305 1280 2343 1313 et
2362 1287 2462 1315 onus
2864 1273 2872 1322 j

507 1333 750 1384 praeparauit
771 1332 865 1372 uia*
2057 1347 2190 1374 meum
2209 1335 2294 1375 leue
2313 1343 2371 1376 est
2387 1355 2395 1366 ·
2410 1356 2463 1373 ω
2864 1351 2872 1383 ῑ

506 1403 615 1435 tuam
634 1402 723 1435 ante
742 1403 800 1436 te·
2036 1396 2444 1451 *12.¹Ini110tempore
2452 1402 2531 1441 abit

505 1458 533 1481 ¹¹
546 1459 677 1498 Amen
696 1460 786 1499 dico
803 1459 916 1499 uobis
2036 1459 2117 1499 *ihs
2136 1462 2305 1501 sabbatis
2323 1475 2393 1513 per
2440 1515 2443 1518 Ι

505 1535 589 1562 non
608 1523 771 1562 surrexit
2037 1521 2057 1544 *
2087 1535 2128 1561 er
2147 1535 2188 1562 se
2217 1530 2298 1563 etes
2315 1541 2323 1550 ·
2371 1525 2431 1564 dis

504 1587 603 1625 inter
616 1593 730 1625 natos
748 1597 816 1624 mu
2059 1535 2173 1636 {ipuli
2190 1536 2322 1626 {utem
2341 1588 2422 1627 eius

1556 1144 1751 1183 infernum
1770 1145 1840 1185 des

1555 1208 1724 1246 cendes·
1769 1208 1858 1258 quia

1554 1270 1586 1308 si
1606 1270 1646 1307 in
1666 1269 1838 1309 sodomis

1552 1332 1678 1371 factae
1700 1332 1861 1372 fuissent

1552 1396 1711 1434 uirtutes
1730 1407 1805 1445 que

1553 1458 1678 1496 factae
1698 1464 1787 1496 sunt
1806 1459 1846 1496 in
1865 1465 1902 1497 te

1553 1521 1786 1559 mansissent
1805 1533 1850 1559 us

1554 1595 1628 1633 que
1647 1583 1688 1621 in
1707 1583 1871 1622 odiernfi

1019 1143 1121 1182 sistis
1137 1163 1146 1173 ·
1174 1142 1203 1165 ¹⁸
1219 1143 1339 1182 Uenit

1015 1206 1208 1245 iohannes
1227 1218 1354 1258 neque

1015 1268 1259 1308 manducans
1278 1282 1330 1308 ne

1015 1343 1092 1382 que
1111 1332 1249 1371 bibens
1262 1349 1270 1358 ·
1314 1339 1353 1371 et

1014 1394 1148 1434 dicunt
1167 1395 1352 1434 demonifi

1015 1457 1133 1496 habet
1146 1475 1154 1484 ·
1185 1457 1213 1479 1⁹
1226 1457 1344 1496 Uenit

1015 1521 1114 1559 filius
1137 1521 1304 1560 hominis

1013 1583 1256 1622 manducans
1279 1589 1317 1622 et
1337 1582 1376 1622 bi

1013 1673 1111 1711 bens
1125 1689 1133 1698 ·
1175 1678 1213 1710 et
1232 1671 1366 1710 dicunt
1554 1671 1678 1710 diem·
1712 1672 1741 1694 ²⁴
1753 1678 1883 1710 tamen
1903 1672 1942 1711 di
2051 1674 2272 1714 esurierunt
2290 1681 2328 1714 et

505 1674 643 1714 lierum
661 1675 786 1713 maior

503 1737 672 1777 iohanne
691 1737 857 1788 baptista
873 1753 882 1763 ·
931 1782 934 1785 ,

505 1800 584 1848 Qui
607 1806 736 1839 autem
759 1800 889 1838 minor

503 1869 561 1902 est
582 1863 623 1902 in
642 1875 766 1913 regno
786 1874 855 1901 cae

502 1926 630 1966 lorum
653 1926 778 1964 maior

503 1996 562 2028 est
580 1989 615 2027 ei
631 2006 639 2015 ·
669 1987 743 2026 1‘t'A
762 1987 898 2027 diebus

504 2059 635 2091 autem
654 2051 836 2090 iohannis

501 2115 690 2166 baptistae
713 2126 835 2165 usque

500 2190 606 2216 nunc
626 2188 790 2227 regnum

500 2240 698 2280 caelorum
715 2239 795 2277 uim
819 2251 873 2289 pa

499 2304 588 2342 titur
603 2321 611 2330 ·
655 2309 693 2341 et
713 2302 778 2353 qui
796 2302 876 2340 uim

499 2367 644 2406 faciunt
664 2366 817 2416 rapiunt

499 2430 612 2468 illud·
628 2447 637 2456 ·
667 2429 695 2450 ¹⁵
707 2428 886 2467 Omnnes

499 2493 604 2531 enim
622 2491 794 2542 profetae
813 2497 852 2529 et

500 2556 584 2594 lex·
628 2565 750 2604 usque
770 2553 821 2592 ad

501 2617 711 2656 iohannem
730 2615 841 2667 profe

499 2685 696 2718 tauerunt·
728 2680 756 2701 ¹⁴
771 2686 810 2718 et
829 2678 860 2717 si

500 2742 611 2779 uultis
633 2741 786 2791 percipe

500 2815 541 2841 re
559 2820 567 2829 ·
610 2803 692 2853 ipse
712 2810 769 2841 est
787 2801 865 2840 heli

500 2878 544 2904 as
563 2866 627 2916 qui
645 2872 828 2903 uenturus

499 2935 582 2967 est·
613 2926 641 2981 {⁵
654 2927 718 2978 qui
736 2926 853 2966 habet
876 2939 925 2964 au

854 3001 916 3027 res

1011 1745 1104 1773 ecce
1125 1734 1246 1773 homo
1265 1746 1387 1772 uorax

1010 1803 1049 1835 et
1067 1803 1223 1847 potator
1258 1796 1342 1847 ppu

1009 1860 1253 1910 plicanorum
1277 1866 1316 1897 et

1008 1929 1258 1974 peccatorum
1281 1921 1359 1960 ami

1010 1998 1100 2025 cus·
1150 1991 1188 2025 et
1207 1985 1369 2024 iustifica

1009 2055 1049 2087 ta
1068 2055 1127 2087 est
1150 2049 1337 2099 sapientia

1008 2125 1031 2151 a
1051 2111 1136 2150 filiis
1156 2112 1233 2149 suis
1249 2129 1257 2138 ·
1274 2133 1329 2139 --

1007 2174 1036 2196 ²⁰
1053 2175 1167 2213 Tunc
1189 2174 1317 2224 coepit
1335 2173 1446 2224 inpro

1007 2250 1144 2288 perare
1165 2236 1306 2275 ciuitati

1006 2301 1080 2338 bus
1145 2300 1185 2337 in
1205 2299 1343 2348 quibus
1364 2341 1367 2344 ,

1006 2362 1106 2401 facte
1127 2367 1215 2401 sunt
1234 2361 1332 2411 pluri

1004 2438 1068 2464 me
1087 2425 1245 2463 uirtutes
1265 2423 1345 2461 eius
1361 2439 1369 2448 ·

1006 2487 1114 2539 quod
1134 2499 1216 2526 non
1236 2486 1383 2536 egerint

1005 2550 1280 2602 paenitentiam
1297 2566 1304 2576 ·

1005 2612 1033 2634 ²¹
1047 2613 1132 2652 Uae
1152 2612 1218 2652 tibi
1238 2611 1416 2651 corazain
1432 2631 1440 2641 ·

1004 2689 1078 2716 uae
1097 2676 1165 2715 tibi
1184 2675 1384 2714 bethsaida
1396 2695 1404 2705 ·

1004 2739 1096 2789 quia
1116 2739 1147 2777 si
1166 2739 1206 2776 in
1224 2744 1309 2789 tyro
1329 2744 1367 2777 et
1387 2732 1419 2777 si

1002 2802 1107 2841 done
1125 2801 1248 2841 factae
1267 2813 1310 2840 es

1006 2861 1222 2918 sent[istae]
1244 2864 1343 2902 uirtu

1003 2933 1059 2966 tes
1079 2939 1177 2978 quae
1198 2927 1295 2966 facte
1316 2932 1404 2966 sunt

1550 1748 1599 1774 co
1617 1735 1750 1774 uobis·
1792 1735 1884 1786 quia
1901 1742 1958 1774 ter

1549 1810 1613 1837 rae
1633 1797 1889 1836 sodomorum

1549 1860 1748 1899 remissius
1767 1860 1837 1899 erit
1856 1860 1896 1898 in

1550 1923 1612 1962 die
1631 1922 1760 1961 iudicii
1779 1935 1898 1973 quarn

1548 1986 1661 2025 uobis
1674 2007 1739 2018 ·—
1767 1985 1798 2008 ²⁵
1808 1986 1856 2024 In
1875 1986 1939 2025 illo
1953 1993 2020 2026 te-

1549 2061 1643 2099 pore
1666 2048 1909 2100 respondens

1548 2112 1608 2150 ihs
1624 2112 1718 2150 dixit
1731 2129 1739 2137 ·
1765 2112 1909 2150 confite

1549 2186 1594 2212 or
1613 2174 1679 2212 tibi
1698 2180 1807 2225 pater
1825 2174 1900 2213 dne

1548 2236 1645 2275 caeli
1663 2243 1701 2275 et
1715 2243 1835 2275 terrae
1851 2253 1860 2263 ν
1890 2236 1981 2288 quia

1548 2299 1785 2338 abscondisti
1811 2299 1908 2338 haec

1549 2374 1572 2399 a
1591 2362 1828 2412 sapientibus
1849 2368 1886 2400 et
1904 2374 1978 2413 pru

1547 2423 1726 2463 dentibus
1746 2430 1784 2463 et
1802 2437 1893 2463 reue

1544 2487 1629 2525 lasti
1648 2499 1694 2526 ea
1712 2487 1882 2538 paruulis
1898 2503 1905 2511 ·

1545 2547 1640 2588 26Ιῖεν,
1654 2556 1763 2600 pater
1778 2553 1873 2599 qiim
1895 2549 1949 2587 sic
1965 2548 2005 2587 fu

1543 2612 1573 2650 it
1591 2612 1777 2662 placitum
1796 2618 1885 2650 ante
1905 2618 1944 2650 te
1961 2629 1968 2637 ·

2054 1744 2267 1787 coeperunt
2283 1738 2381 1777 uelle

2053 1811 2094 1838 re
2115 1799 2240 1850 spicas
2259 1807 2298 1839 et
2316 1813 2410 1840 man

2055 1862 2219 1901 ducare·
2251 1861 2388 1914 ²phari

2053 1925 2107 1963 sei
2126 1931 2257 1963 autem
2275 1926 2392 1965 uiden

2051 1993 2110 2026 tes
2129 1987 2306 2027 dixerunt
2322 2006 2330 2014 ·

2052 2049 2159 2089 Ecce
2179 2050 2356 2102 discipuli
2374 2053 2429 2091 tui

2051 2112 2197 2151 faciunt
2243 2114 2350 2165 quod

2053 2188 2134 2215 non
2153 2176 2241 2214 licet
2259 2176 2386 2216 facere

2051 2238 2093 2276 in
2113 2240 2298 2278 sabbato·
2333 2239 2412 2278 ³At

2052 2301 2136 2351 ipse
2156 2301 2252 2340 dixit
2270 2303 2325 2340 eis
2346 2319 2354 2327 ·

2053 2363 2147 2403 Non
2165 2364 2310 2414 legistis
2328 2365 2421 2415 quid

2052 2425 2144 2465 fecit
2164 2427 2282 2466 dauid
2302 2435 2380 2466 cu-

2051 2489 2180 2527 esuriit
2199 2489 2281 2540 ipse
2301 2496 2339 2528 et
2405 2491 2407 2493 ’

2050 2551 2116 2601 qui
2136 2563 2226 2590 cum
2244 2552 2310 2591 illo
2330 2559 2461 2592 erant·

2049 2614 2063 2635 ⁴
2075 2615 2278 2664 quomodo
2297 2615 2396 2654 intra

1525 2672 1802 2714 ²⁷Omniamihi
1815 2673 2032 2715 traditasunt
2048 2677 2103 2715 uit
2120 2678 2160 2715 in
2180 2677 2342 2718 domum
2361 2679 2402 2718 di
2416 2697 2424 2706 ·

1544 2750 1567 2777 a
1587 2745 1695 2789 patre
1715 2750 1806 2777 meo
1823 2755 1831 2766 ·
1873 2744 1911 2777 et
1930 2750 1980 2777 ne

1542 2813 1609 2839 mo
1629 2800 1737 2839 nouit
1756 2800 1876 2839 filium

1542 2864 1615 2902 nisi
1635 2869 1766 2914 pater·
1807 2876 1935 2915 neque

1540 2932 1690 2977 patrem
1709 2926 1795 2978 quis
1814 2927 1922 2966 nouit

2047 2746 2084 2778 et
2103 2752 2225 2790 panes
2243 2753 2370 2792 propo

2047 2803 2198 2841 sitionis
2212 2804 2362 2842 mandu

2046 2866 2173 2904 cauit·
2203 2866 2311 2916 quod
2333 2878 2415 2905 non

2045 2926 2184 2967 licebat
2203 2928 2237 2967 ei
2256 2929 2406 2968 mandu

2861 1756 2872 1827 ξ

2860 1839 2872 1964 i

2860 2029 2872 2122 ἒ
