2872 3268
514 243 538 272 2

342 381 433 417 1'01.
446 382 481 415 3.
511 383 603 411 men
620 372 703 411 eius
721 384 784 411 em

511 434 668 474 manuel
686 459 694 468 ·
734 433 840 486 quod

510 504 570 537 est
588 498 754 548 interpre

509 566 634 599 tatum
653 560 768 599 nobis

511 634 602 662 cum
622 622 668 661 ds
684 640 692 648 ·
705 621 849 660 ²⁴Exur

509 697 607 736 gens
626 691 755 723 autem
774 684 813 722 io

508 747 606 798 seph
626 760 649 785 a
667 758 808 785 somno
824 763 833 772 ·

507 810 598 848 fecit
617 809 671 847 sic
691 815 734 847 ut
752 820 820 858 pre

508 872 611 922 cepit
630 871 665 910 ei
685 870 848 921 angelus

507 934 574 972 d1'1i
590 950 598 959 ·
639 940 677 972 et
696 945 789 971 acce

505 997 561 1047 pit
580 996 787 1045 coniugem

507 1071 619 1098 suam
635 1076 643 1085 ·
684 1057 757 1097 2¹²³et
776 1070 859 1097 non

506 1121 693 1171 cognouit
713 1133 801 1159 eam
818 1138 826 1146 ·

506 1183 648 1223 Donec
668 1183 818 1234 peperit

506 1246 628 1284 filium
646 1246 774 1296 primo

508 1308 687 1359 genitum
704 1326 712 1335 ·
760 1308 812 1346 Et

506 1371 660 1410 uocauit
688 1383 835 1410 nomen

507 1433 589 1472 eius
608 1433 689 1471 ihm
703 1452 711 1460 ·
740 1451 795 1471 se>

507 1505 564 1524 ψ
619 1505 676 1523 5‘*
732 1505 787 1523 Φ

553 1549 588 1581 in
599 1549 655 1582 die
669 1552 725 1582 sco
737 1549 889 1592 epefanie

508 1593 611 1626 lectio
626 1593 733 1636 prima

473 1647 493 1669 *
512 1650 554 1686 2.
581 1645 707 1685 ¹Cum
725 1658 802 1696 ego
822 1652 937 1686 natus

475 1710 495 1732 *
514 1715 616 1747 esset
634 1708 694 1747 ihs
713 1708 753 1746 in
772 1709 864 1747 beth

473 1773 493 1795 *
513 1770 617 1809 lehm
634 1789 642 1797 ·
683 1772 878 1811 ciuitatem
931 1780 934 1783 “

473 1836 493 1858 *
511 1833 649 1873 iudeae
665 1852 673 1860 ·
714 1835 755 1873 in
771 1835 832 1874 die

471 1899 491 1921 *
511 1897 585 1936 bus
605 1897 760 1936 herodis
778 1898 877 1948 regis
904 1925 940 1937 ...

506 1958 740 2011 Εοοεπιαςί
757 1962 807 1999 ab
826 1961 885 2000 ori

507 2029 596 2061 ente
621 2030 812 2062 uenerunt

505 2085 547 2123 in
567 2085 828 2137 hierosolyma

506 2148 680 2187 dicentes
697 2166 705 2174 ·
746 2149 833 2187 ²ubi

505 2216 564 2248 est
583 2211 671 2260 quis
690 2217 804 2250 natus
824 2217 882 2250 est
896 2234 904 2242 ·

503 2284 572 2310 rex
585 2272 818 2312 iudaeorum
831 2290 840 2299 ·

504 2333 688 2374 Uidimus
707 2336 814 2374 enim

503 2397 654 2435 stellam
673 2398 756 2437 eius
775 2399 815 2436 in

503 2460 651 2498 oriente
669 2478 677 2486 ·
721 2467 759 2500 et
773 2473 822 2501 ue

503 2522 634 2561 nimus
653 2523 814 2562 adorare

505 2596 595 2622 eum
612 2602 620 2610 ·
664 2585 861 2626 ⁸Audiens

504 2653 633 2684 autem
651 2647 818 2688 herodes

502 2720 571 2746 rex
590 2711 763 2749 turbatus

502 2777 560 2807 est
605 2777 642 2808 et
662 2772 790 2811 omnis

503 2830 716 2883 hierolyma
733 2846 822 2873 cum
843 2836 906 2875 illo

1390 230 1469 271 SE
1469 231 1596 272 CND
1609 252 1618 261 ·

1011 371 1086 410 ⁴Et
1105 371 1307 421 congrauit
1326 382 1394 410 om

1011 446 1081 472 nes
1099 434 1297 484 principes

1011 496 1259 534 sacerdotum
1276 513 1284 521 ·

1010 564 1049 597 et
1069 558 1214 597 scribas
1233 570 1343 609 popu

1010 621 1036 659 li
1053 639 1060 646 ·
1105 627 1144 659 et
1162 621 1307 660 interro

1010 683 1116 733 gauit
1135 685 1186 722 ab
1204 684 1259 723 eis
1276 704 1284 714 ·

1010 747 1075 785 ubi
1094 750 1169 796 xps
1187 747 1360 785 nascitur
1376 764 1384 773 ·

1010 808 1084 847 ⁶At
1103 809 1140 846 ili
1160 809 1340 848 dixerunt
1355 826 1363 834 ·

1008 872 1049 910 in
1067 871 1289 910 bethlehem

1009 933 1146 972 iudeae
1164 951 1171 959 ·
1211 934 1266 972 sic
1287 939 1352 972 eni

1011 997 1156 1035 dictum
1179 1002 1238 1035 est
1257 1009 1326 1047 per

1009 1059 1205 1110 profetam
1221 1074 1232 1085 ·

1009 1121 1082 1160 ⁶Et
1099 1128 1140 1160 tu
1159 1122 1355 1161 bethleem
1373 1123 1413 1161 iu

1010 1185 1107 1224 deae
1154 1198 1235 1224 non
1254 1197 1296 1224 es
1315 1186 1370 1224 mi

1011 1248 1118 1286 nima
1148 1242 1262 1287 *inter'
1285 1287 1289 1292 ,

1010 1311 1203 1360 principes
1222 1310 1313 1349 iuda
1329 1327 1337 1336 ·

1010 1373 1073 1412 Ex
1092 1379 1130 1412 te
1149 1373 1258 1414 enimv
1274 1373 1377 1412 exiet

1011 1436 1194 1486 princeps
1211 1452 1219 1460 ·
1259 1436 1326 1486 qui

1009 1505 1118 1548 regat
1136 1499 1315 1549 populu-

1011 1573 1144 1600 meum
1162 1561 1232 1600 isl-

1011 1647 1150 1687 ''Tunc
1170 1648 1335 1688 herodes

1013 1712 1164 1751 occulte
1184 1724 1284 1751 uoca

1011 1775 1068 1813 uit
1086 1787 1225 1825 magos
1240 1793 1248 1801 ·
1289 1774 1342 1814 Et

1011 1837 1212 1888 diligenter
1230 1851 1279 1876 ex

1010 1900 1165 1951 quisiuit
1183 1902 1233 1939 ab
1250 1901 1304 1940 eis

1009 1969 1163 2013 tempus
1179 1980 1186 1989 ·
1232 1964 1390 2014 quando

1009 2026 1186 2076 apparuit
1204 2027 1260 2065 eis

1010 2088 1119 2127 stella
1132 2106 1140 2115 ·
1185 2088 1256 2127 ⁸Et
1274 2089 1377 2128 misit

1007 2163 1077 2190 eos
1095 2152 1136 2189 in
1155 2151 1349 2190 bethleem

1009 2213 1140 2252 dicens
1157 2231 1165 2240 ·
1205 2214 1255 2252 ite
1275 2214 1314 2252 di

1007 2275 1169 2325 ligenter
1182 2277 1280 2314 inter

1007 2345 1142 2388 rogate
1164 2339 1210 2377 de
1230 2351 1308 2389 pue

937 2393 939 2397 Α
1006 2413 1073 2439 ro·
1114 2400 1165 2439 Et
1188 2414 1278 2440 cum
1297 2402 1338 2439 in

1006 2464 1186 2502 ueneritis
1205 2476 1245 2502 re

1006 2527 1178 2565 nuntiate
1197 2526 1290 2564 mihi
1308 2543 1316 2553 ·

1003 2594 1046 2626 ut
1065 2601 1140 2639 ego
1154 2589 1310 2628 ueniam

1004 2657 1042 2690 et
1062 2651 1221 2691 adorem
1240 2665 1329 2691 eum
1347 2670 1355 2679 ·

1003 2714 1105 2761 ⁹Qui
1125 2727 1215 2754 cum
1234 2714 1344 2753 audis

1003 2783 1087 2815 sent
1106 2790 1238 2828 regem
1258 2778 1309 2815 ab

1000 2839 1147 2879 ierunt·
1192 2840 1242 2879 Et
1260 2852 1351 2880 ecce

1548 370 1695 409 stellam
1715 383 1832 423 quarn

1546 433 1723 472 uiderant
1741 435 1781 472 in

1547 496 1695 535 oriente
1709 514 1717 522 ·
1757 502 1847 536 ante

1547 559 1712 598 cedebat
1730 572 1798 598 eos
1814 580 1822 590 ·

1547 634 1670 673 usque
1690 622 1783 661 dum
1801 634 1851 662 ue

1547 685 1603 724 nit
1622 691 1660 724 et
1678 685 1764 724 setit
1784 697 1831 725 su

1547 761 1617 799 per
1635 760 1795 798 puerum
1808 766 1816 775 ·

1547 811 1772 850 ¹⁰Uidentes
1791 815 1878 850 aute

1548 874 1697 912 stellam
1715 874 1806 924 gaui

1547 937 1578 975 si
1597 943 1687 976 sunt
1705 937 1823 987 gaudi

1546 1012 1572 1039 ο
1591 1011 1738 1049 magno
1757 999 1821 1038 ual

1547 1062 1596 1101 de
1612 1080 1620 1088 ·
1665 1062 1749 1100 11Et
1766 1063 1890 1100 intran

1546 1131 1606 1164 tes
1625 1125 1665 1163 in
1684 1125 1849 1164 domum

1547 1188 1726 1227 uiderunt
1745 1199 1799 1238 pu

1548 1262 1658 1289 erum
1706 1262 1796 1289 cum

1548 1313 1670 1352 maria
1688 1319 1810 1351 matre

1548 1376 1630 1414 eius
1644 1393 1652 1401 ·
1693 1382 1732 1414 et
1750 1387 1823 1426 pro

1548 1439 1721 1478 cidentes
1740 1438 1816 1477 ado

1547 1507 1729 1540 rauerunt
1747 1513 1838 1539 eum
1854 1519 1863 1527 ·

1548 1563 1600 1602 Et
1619 1563 1760 1614 apertis
1778 1563 1892 1601 thens

1549 1652 1650 1690 auris
1670 1651 1748 1690 suis
1768 1662 1822 1701 op

1548 1714 1717 1753 tulerunt
1735 1714 1770 1751 ei
1789 1725 1857 1751 mu

1549 1790 1659 1816 nera·
1692 1788 1830 1815 aurum
1842 1796 1851 1806 ·

1549 1847 1588 1880 et
1605 1847 1666 1879 tus
1679 1857 1687 1866 ·
1731 1845 1770 1878 et
1787 1847 1955 1878 murra--

1548 1902 1634 1942 ¹²Et
1653 1902 1842 1942 admoniti
1860 1901 1901 1939 in

1549 1966 1697 2005 somnis
1710 1982 1719 1990 ·
1763 1977 1813 2003 ne
1832 1976 1874 2003 re

1548 2029 1673 2068 dirent
1692 2027 1838 2066 adhero

1546 2091 1658 2130 dem·
1691 2103 1759 2141 per
1778 2089 1880 2129 alia*

1545 2154 1650 2192 uiam
1669 2153 1814 2192 reuersi

1547 2223 1636 2255 sunt
1654 2217 1693 2254 in
1713 2216 1819 2266 regio

1546 2291 1637 2331 nem
1657 2290 1789 2317 suam·
1831 2276 1933 2328 13qui

1545 2353 1637 2380 cum
1656 2340 1884 2379 recesissent
1898 2358 1906 2366 ·

1543 2406 1568 2445 †
1581 2403 1686 2441 Ecce
1707 2402 1869 2453 angelus
1889 2402 1957 2440 dfii

1543 2466 1721 2516 apparuit
1739 2465 1780 2502 in
1801 2472 1875 2504 so*

1544 2529 1603 2567 nis
1623 2528 1758 2578 ioseph
1779 2528 1818 2567 di

1543 2603 1636 2630 cens
1652 2608 1660 2617 ·
1706 2590 1828 2640 Surge

1543 2660 1581 2692 et
1600 2653 1731 2703 accipe
1752 2657 1875 2703 puers]
1890 2674 1898 2682 ·

1542 2722 1581 2754 et
1600 2723 1762 2754 matrem
1781 2716 1863 2755 eius
1879 2734 1887 2742 ·

1542 2785 1579 2817 et
1598 2778 1688 2828 fuge
1707 2779 1747 2816 in
1767 2785 1940 2832 egyptu·†

1541 2847 1578 2880 et
1599 2846 1682 2880 esto
1702 2841 1754 2879 ibi
1771 2858 1778 2868 ·

2258 237 2305 280 [Ι.
2323 241 2443 280 23-11.
2464 246 2518 282 17.

2131 305 2275 338 seconda
2290 305 2382 338 natal
2397 316 2432 338 sc

2052 371 2188 423 Usque
2208 385 2286 424 quo
2309 373 2428 412 dica-

2050 435 2118 473 tibi
2131 453 2139 461 ·
2183 435 2352 473 futurum

2050 504 2108 536 est
2127 497 2231 536 enim
2251 503 2292 535 ut
2311 497 2361 536 he

2048 560 2163 599 rodes
2182 566 2318 610 querat

2049 634 2213 673 puerum
2231 622 2351 672 perde

2049 697 2091 723 re
2110 697 2201 723 eum
2218 705 2226 714 ·
2250 704 2258 722 2
2289 684 2318 706 ¹⁴
2328 684 2400 723 Sur

2049 760 2148 798 gens
2167 753 2298 786 autem
2315 747 2355 787 io

2000 821 2002 823 ’
2050 810 2147 861 seph
2167 811 2318 860 accepit

2048 885 2212 923 puerum
2232 879 2269 911 et
2288 885 2354 911 ma

2048 942 2147 974 trem
2165 935 2247 974 eius
2263 947 2342 973 noc

2049 1004 2087 1036 te
2126 1004 2164 1036 et
2183 998 2275 1036 abiit
2293 998 2334 1035 in

2042 1067 2261 1111 aegyptum
2275 1081 2283 1090 ·

2049 1122 2135 1161 ¹⁵Et
2153 1130 2234 1162 erat
2252 1123 2304 1162 ibi
2322 1136 2447 1174 usque

2049 1188 2099 1226 ad
2119 1200 2349 1227 consumma

2049 1251 2195 1289 tionem
2214 1250 2308 1290 hero

2050 1313 2109 1350 dis
2125 1329 2134 1338 ·
2174 1311 2229 1350 Ut
2248 1312 2355 1351 adim

2050 1374 2218 1426 pleretur
2236 1375 2338 1424 qu⁰d

2050 1437 2197 1475 dictum
2215 1443 2273 1475 est
2293 1450 2316 1475 a

2049 1499 2129 1538 diio
2146 1517 2153 1525 ·
2198 1512 2268 1550 per
2286 1512 2357 1550 pro

2049 1562 2168 1601 fetam
2187 1562 2368 1602 dicente-

2049 1648 2113 1688 Ex
2133 1656 2299 1700 aegypto
2318 1662 2418 1689 uoca

2050 1713 2089 1750 ui
2109 1713 2227 1751 filium
2245 1721 2374 1751 meu-·
2390 1717 2415 1755 †

2048 1779 2072 1817 †
2085 1775 2238 1814 1⁶Tunc
2259 1774 2425 1814 herodes

2047 1844 2090 1876 ut
2107 1838 2201 1877 uidit
2216 1858 2224 1867 ·
2268 1842 2363 1889 qfim

2035 1900 2205 1939 ⁴delusus
2224 1907 2282 1939 est
2301 1914 2325 1939 a

2048 1964 2175 2013 magis
2190 1981 2198 1989 ·
2243 1964 2361 2002 iratus

2048 2031 2107 2064 est
2126 2025 2319 2064 uehemen

2047 2094 2106 2126 ter
2122 2105 2129 2114 ·
2173 2094 2211 2126 et
2230 2088 2386 2126 mittens

2047 2150 2188 2190 occidit
2206 2162 2345 2188 omnes

2047 2225 2190 2264 pueros
2209 2213 2274 2263 qui
2294 2225 2315 2251 e

2046 2282 2132 2314 rant
2150 2278 2190 2314 in
2208 2274 2400 2314 bethlee'‘·

2045 2345 2083 2377 et
2102 2339 2142 2376 in
2161 2338 2342 2376 omnibus

2045 2401 2266 2451 regionibus
2286 2401 2368 2438 eius
2386 2418 2394 2426 ·

2045 2462 2082 2499 A
2102 2462 2247 2499 bimatu
2293 2467 2330 2499 et
2350 2461 2390 2498 in

2045 2524 2102 2562 fra
2122 2523 2338 2563 secundum

2044 2594 2198 2637 tempus
2245 2587 2353 2637 quod

2044 2650 2273 2700 exquisierat
2291 2662 2315 2687 a

2043 2713 2168 2763 magis
2186 2729 2194 2738 ·
2237 2712 2390 2751 1⁷Tunc

2043 2775 2296 2826 adimpletum

2043 2848 2102 2880 est
2122 2841 2227 2893 quod
2247 2841 2351 2881 dictu
2371 2849 2429 2881 est

2536 381 2618 412 1¹01.
2631 376 2667 413 4ss
