2872 3268
540 192 596 249 38

345 308 428 340 1³01.
446 307 506 342 74.
539 307 568 330 ¹⁵⁹
580 307 779 358 Principes
798 311 886 346 aute

536 371 788 410 sacerdotum
805 391 814 401 ·
858 377 898 410 et

533 434 706 472 seniores
723 455 731 464 -
773 439 811 472 et
830 434 896 471 uni

532 508 688 535 uersum
709 496 874 535 concilii-1
890 516 899 525 ·

532 559 746 608 querebant
766 558 862 596 falsi-1

531 621 793 659 testimonium

528 690 665 722 contra
683 682 763 720 ihm
809 688 850 720 ut

529 757 619 783 eum
639 745 751 782 morti
771 750 829 783 tra

528 806 661 845 derent
702 807 730 828 ⁶⁰
742 812 778 845 et
793 819 875 845 non

527 869 759 908 inuenerunt
774 890 783 899 ·
824 869 876 907 Et

527 931 636 969 multi
654 931 738 970 falsi
758 938 876 971 testes

526 1005 761 1032 accesserun
808 1001 848 1034 et

525 1067 607 1094 non
625 1057 858 1096 inuenerunt
873 1077 882 1088 ·

525 1117 747 1157 Nouissime
767 1126 897 1159 autem

523 1181 753 1221 accedentes
773 1182 851 1222 duo

522 1243 607 1282 falsi
628 1250 746 1283 testes
765 1244 793 1266 ⁶¹
808 1245 900 1284 dixe

522 1313 637 1345 runt·
655 1328 664 1337 ·
696 1307 774 1346 Hic
795 1307 891 1348 dixit

520 1380 683 1420 possum
702 1370 856 1409 destrue

519 1443 561 1470 re
581 1432 769 1483 templum
789 1433 829 1472 di

520 1500 557 1533 et
575 1494 616 1533 in
634 1495 763 1534 triduo
777 1495 872 1535 illud

518 1557 776 1597 reaedificabo

517 1644 546 1668 ⁶²
558 1645 611 1685 Et
629 1659 792 1698 surgens
810 1647 898 1698 prin

518 1722 612 1760 ceps
633 1710 838 1750 sacerdoti-1

1382 184 1678 233 SECUND5
1688 211 1699 223 ·

1041 305 1094 345 Et
1112 306 1331 344 uenientem
1355 317 1401 345 su

1041 381 1109 419 per
1128 370 1251 407 nubes
1272 369 1368 407 caeli
1388 389 1397 399 ·

1040 431 1195 470 ⁶⁵Tunc
1216 432 1399 483 princeps
1419 443 1463 471 sa

1038 493 1242 532 cerdotum
1266 506 1342 532 con

1035 555 1148 594 scidit
1167 557 1356 595 uestimen

1032 624 1072 656 ta
1092 630 1162 657 sua
1180 619 1315 659 dicens
1330 640 1340 650 ·

1033 680 1277 720 blasfemauit

1032 742 1140 791 Quid
1159 744 1285 783 adhuc
1303 757 1325 783 e

1032 817 1170 855 gemus
1190 807 1349 846 testibus
1364 828 1373 838 ·

1031 866 1138 908 Ecce
1157 882 1263 909 nunc
1283 870 1393 910 audis

1031 931 1080 970 tis
1106 931 1341 972 blasfemia*

1029 993 1111 1032 eius
1125 1014 1134 1024 ·
1177 995 1205 1016 ⁶⁶
1216 995 1308 1045 quid
1326 993 1438 1035 uobis

1028 1055 1180 1095 uidetur
1196 1077 1205 1088 ·
1249 1067 1287 1096 at
1305 1058 1356 1096 illi

1028 1119 1307 1169 respondentes

1030 1182 1210 1222 dixerunt
1229 1195 1319 1223 reus

1028 1251 1086 1283 est
1104 1246 1220 1284 morti
1233 1267 1243 1277 ·
1274 1247 1407 1287 ⁶⁷tunc

1027 1315 1244 1358 expuerunt
1257 1309 1298 1347 in
1316 1309 1355 1348 fa

1028 1370 1130 1409 ciem
1149 1371 1232 1410 eius
1250 1379 1288 1416 et
1307 1384 1356 1412 co

1025 1431 1146 1484 laphis
1165 1447 1257 1473 eum
1276 1435 1407 1474 cecide

1026 1502 1116 1534 runt
1130 1517 1140 1526 ·
1180 1497 1242 1535 alii
1261 1501 1350 1536 aute

1025 1559 1175 1610 palmas
1194 1560 1234 1598 in
1248 1560 1388 1600 faciem

1026 1647 1062 1687 ei
1081 1647 1272 1687 dederunt
1314 1648 1342 1670 ⁶⁸
1354 1649 1467 1688 dicen

1024 1716 1083 1749 tes
1098 1731 1108 1741 ·
1147 1710 1332 1761 profetiza

1581 305 1610 327 ⁷⁸
1623 305 1716 344 Post
1735 305 1915 356 pusillum

1580 374 1709 406 autem
1729 367 1901 406 acceden

1577 435 1636 468 tes
1656 431 1720 480 qui
1741 431 1894 470 stabant

1578 493 1755 531 dixerunt
1773 500 1883 543 petro
1898 514 1908 524 ·

1576 567 1666 594 uere
1685 569 1731 595 ex
1745 554 1816 595 illis
1835 568 1876 595 es
1895 563 1937 596 tu

1575 617 1730 657 Etenim
1749 619 1916 669 loquella

1574 687 1641 720 tua
1659 681 1864 720 manifestfl

1574 749 1611 782 te
1631 743 1720 782 facit
1732 764 1742 774 ·
1777 744 1807 766 ⁷⁴
1818 744 1935 793 Tunc

1572 806 1699 856 coepit
1719 806 1859 846 deuota

1573 881 1613 907 re
1634 880 1675 907 se
1695 875 1733 907 et
1752 870 1878 909 iurare
1895 889 1904 900 ·

1556 930 1693 979 ,Quod
1712 943 1795 970 non
1814 932 1905 972 noui
1924 932 1977 972 ho

1571 994 1718 1032 minem
1734 1015 1743 1024 ·
1785 1001 1823 1033 et
1841 1007 1918 1034 con

1571 1056 1678 1095 tinuo
1697 1057 1819 1107 gallus
1838 1070 1913 1096 can

1570 1119 1686 1157 tauit-
1726 1119 1755 1141 ⁷⁶
1766 1119 1818 1158 Et
1837 1132 1943 1160 reme

1570 1188 1742 1221 moratus
1761 1189 1819 1221 est
1837 1195 1887 1233 pe

1569 1250 1649 1283 trus
1668 1245 1776 1283 uerbi
1796 1245 1863 1284 ihu

1569 1307 1785 1346 dicentisibi
1797 1328 1807 1338 ·
1847 1307 1947 1358 quod

1569 1371 1795 1421 priusquam
1814 1371 1878 1421 gal

1568 1432 1629 1471 lus
1648 1440 1777 1471 cantet
1816 1439 1875 1472 ter

1567 1507 1631 1534 me
1651 1496 1812 1546 negabis
1829 1517 1838 1527 ·
1879 1502 1918 1535 et

1566 1571 1742 1609 egressus
1761 1558 1864 1598 foras

1566 1646 1804 1685 amarissime
1823 1646 1889 1698 plo

1566 1729 1626 1739 ...
1647 1709 1894 1747 faustu-»aes

2112 198 2253 241 [XXVI.
2270 203 2486 245 59-xxvn.
2505 214 2556 239 ιο.

2085 306 2325 358 principibus
2346 320 2454 348 sacer

2083 369 2219 408 dotum
2239 378 2277 409 et
2297 372 2406 411 senio
2455 404 2460 407 .

2080 432 2186 472 ribus
2225 433 2385 473 ⁴dicens
2402 455 2411 465 ·
2450 447 2527 486 pec

2081 495 2166 532 caui
2186 496 2293 546 quod
2313 497 2409 535 tradi

2081 556 2201 595 derim
2221 559 2410 610 sanguim?¹

2079 619 2223 658 iustum
2238 641 2246 651 ·
2291 622 2344 660 At
2362 622 2415 660 illi

2081 681 2257 721 dixerunt
2272 684 2365 734 quid
2384 684 2435 724 ad

2078 755 2152 783 nos
2170 751 2212 783 tu
2230 746 2371 786 uideris
2384 769 2394 779 ·

2078 805 2093 827 ⁶
2105 806 2155 845 Et
2174 808 2353 858 proiectis
2372 823 2493 862 argen

2077 869 2147 908 teis
2167 870 2207 908 in
2225 872 2373 922 templo
2389 894 2398 903 ·
2440 887 2480 913 se

2077 932 2191 971 cessit
2206 953 2215 963 ·
2257 933 2309 973 Et
2329 935 2462 976 abiens

2074 993 2214 1045 laqueo
2234 1008 2276 1035 se
2291 1009 2436 1048 suspen

2076 1057 2130 1096 dit
2145 1079 2154 1088 ·
2184 1058 2410 1111 ⁶Principes

2073 1126 2201 1159 autem
2222 1123 2426 1163 sacerdotii
2446 1145 2457 1156 ·

2071 1182 2256 1234 Acceptis
2275 1193 2434 1236 argente

2070 1245 2103 1283 is
2123 1246 2325 1286 dixerunt·
2365 1261 2446 1289 non

2071 1308 2158 1347 licet
2177 1309 2373 1349 mittereos

2071 1371 2111 1409 in
2131 1372 2277 1410 corban
2296 1373 2387 1423 quia

2070 1434 2236 1484 pretium
2256 1436 2394 1487 sangui

2071 1496 2132 1535 nis
2152 1503 2210 1536 est
2223 1518 2231 1528 ·
2267 1498 2281 1519 ⁷
2294 1498 2468 1539 Consilio

2071 1566 2201 1598 autem
2221 1568 2382 1612 accepto

2069 1647 2169 1686 inter
2188 1659 2230 1687 se
2277 1657 2455 1690 emerunt

2069 1721 2206 1760 agrum
2226 1711 2332 1762 figuli
2349 1713 2390 1751 in

2570 321 2654 364 ιιόι.4
2670 322 2735 355 75..

2868 1053 2872 1062 -
2866 1006 2872 1014 .
2862 944 2872 995 -....‹.
2855 908 2872 932 i„
2860 859 2872 900 ..A
2863 758 2872 852 „ea-..mr
2859 569 2872 749 *meu-...ffl—

1542 1769 1633 1812 *2¹7.
1663 1770 1676 1792 ¹
1690 1772 1809 1812 Mane
1829 1779 1958 1812 autem
1972 1772 2033 1813 fac
2070 1773 2264 1823 sepultura
2286 1787 2379 1825 pere

1541 1831 1604 1874 *to
1620 1855 1629 1865 ·
1671 1835 1874 1874 consilium
2068 1835 2265 1886 grinorum
2281 1857 2290 1867 ·
2321 1837 2334 1858 ⁸
2346 1850 2446 1889 prop

1540 1896 1822 1948 *acceperunt·
1868 1910 1935 1937 om
2068 1904 2126 1936 ter
2145 1898 2220 1937 hoc
2241 1907 2403 1939 uocatus

1540 1958 1633 2000 *nes
1651 1961 1849 2013 principes
2067 1966 2125 1999 est
2143 1973 2236 2011 ager
2255 1962 2318 2000 ille
2360 1962 2445 2002 aeel

1539 2022 1810 2063 *sacerdotum
1829 2030 1868 2064 et
2066 2023 2182 2062 dema
2197 2044 2206 2054 ·
2248 2025 2358 2074 quod
2377 2032 2436 2065 est

1539 2086 1732 2126 *seniores
1750 2087 1875 2138 plebis
2063 2098 2156 2137 ager
2176 2088 2372 2138 sanguinis

1555 2149 1741 2189 aduersus
1760 2150 1840 2188 ihm
1853 2170 1862 2180 -
2063 2161 2185 2199 usque
2205 2150 2245 2188 in
2259 2148 2443 2191 hodiernii

1555 2219 1597 2251 ut
1615 2224 1706 2251 eum
1729 2212 1842 2250 morti
1861 2218 1920 2251 tra
2062 2211 2166 2250 diem
2182 2233 2192 2242 ·
2210 2233 2219 2242 ·
2261 2212 2274 2234 ⁹
2288 2212 2403 2252 Tunc
2423 2225 2464 2253 re

1557 2275 1693 2314 derent
1709 2295 1718 2305 ·
1748 2273 1762 2294 ²
1781 2281 1820 2313 et
1839 2275 1930 2314 uine
2061 2274 2207 2325 pletum
2226 2281 2283 2313 est
2302 2276 2409 2326 quod

1556 2344 1639 2376 tum
1659 2349 1750 2375 eum
1770 2337 1925 2377 adduxe
2062 2337 2205 2376 dictum
2225 2344 2283 2376 est
2297 2350 2367 2388 per

1555 2405 1644 2438 runt
1663 2398 1832 2438 etradide
2059 2398 2286 2438 hieremiam
2304 2412 2378 2450 pro

1554 2468 1643 2500 runt
1661 2462 1797 2512 pontio
1816 2461 1894 2512 pila
2058 2461 2176 2500 fetam
2195 2462 2392 2502 dicentem
2408 2484 2417 2495 ·

1554 2531 1594 2564 to
1613 2524 1756 2575 presidi
1773 2545 1782 2554 ·
1802 2546 1858 2553 —
2058 2524 2110 2563 Et
2128 2525 2352 2576 acciperunt
2371 2527 2418 2566 tri

1553 2587 1566 2608 ³
1580 2587 1695 2626 Tunc
1716 2586 1852 2626 uidens
1871 2586 1982 2627 iudas
2057 2587 2163 2638 ginta
2183 2596 2390 2638 argenteos
2406 2609 2417 2620 ·

2056 2651 2248 2700 praetium
2271 2652 2416 2702 adprae

2055 2713 2135 2752 tiati
2182 2713 2288 2764 quod
2307 2715 2452 2766 adprae

2055 2773 2247 2815 t'iauerunt
2266 2789 2289 2815 a
2309 2777 2362 2815 fili

2054 2839 2087 2878 is
2105 2839 2174 2878 ist·
2204 2838 2233 2861 ¹⁰
2245 2845 2283 2878 et
2301 2839 2489 2880 dederunt
2520 2869 2524 2872 ·

2055 2914 2123 2941 eos
2142 2901 2182 2939 in
2202 2914 2338 2952 agrum
2359 2902 2463 2954 figuli
2480 2925 2489 2934 ·

517 1772 568 1811 ait
587 1772 637 1811 illi
655 1794 664 1803 ·
704 1773 800 1812 nihil
818 1769 878 1813 res
935 1785 937 1788 ·
1022 1773 1135 1812 nobis
1154 1777 1231 1824 xpe

515 1836 657 1886 pondis
677 1836 728 1874 ad
747 1848 794 1875 ea
813 1849 913 1887 quae
1022 1836 1108 1886 quis
1128 1843 1164 1875 te
1184 1837 1354 1888 percusit
1369 1858 1378 1868 ·

515 1898 575 1936 isti
595 1898 782 1938 aduersus
801 1906 839 1939 te
1021 1898 1049 1920 ⁶⁹
1062 1898 1200 1938 Petrus
1219 1911 1313 1940 uero
1334 1899 1426 1939 sede

515 1962 767 2000 testificantur
783 1983 792 1992 ·
1019 1961 1086 2000 bat
1105 1961 1198 2001 foris
1218 1962 1256 2000 in
1277 1963 1375 2002 atrio
1392 1983 1402 1994 ·

514 2024 542 2045 ⁶³
555 2024 621 2063 Ihs
641 2030 771 2063 autem
790 2026 943 2065 tacebat
955 2046 965 2057 ·
1018 2023 1070 2062 Et
1090 2026 1254 2064 accessit
1273 2026 1322 2065 ad
1342 2038 1433 2065 eum

512 2085 564 2125 Et
581 2088 822 2137 respondens
1018 2099 1098 2126 una
1117 2087 1255 2126 ancilla
1274 2089 1407 2127 dicens
1423 2110 1433 2120 ·

511 2149 693 2200 princeps
713 2162 821 2188 sacer
1019 2148 1070 2188 Et
1090 2156 1131 2188 tu
1151 2163 1236 2189 eras
1258 2163 1348 2190 cum
1367 2151 1434 2191 ihu

513 2211 648 2250 dotum
669 2213 721 2251 ait
740 2212 792 2250 illi
808 2233 848 2243 ο-
1019 2212 1158 2262 galileo
1172 2233 1180 2242 -
1210 2212 1298 2252 ⁷⁰At
1316 2213 1378 2252 ille

511 2274 662 2313 Adiuro
682 2281 718 2314 te
737 2288 807 2326 per
826 2275 894 2314 dffi
1018 2275 1176 2325 negauit
1190 2287 1323 2314 coram
1344 2288 1410 2315 om

511 2337 646 2376 uiuum
662 2358 671 2368 ·
701 2344 744 2376 ut
764 2350 817 2377 no
1017 2338 1132 2376 nibus
1152 2338 1284 2376 dicens
1298 2359 1306 2368 ·
1350 2351 1400 2377 ne

509 2400 570 2438 bis
588 2400 695 2439 dicas
715 2401 746 2439 si
766 2407 807 2439 tu
825 2413 867 2440 es
1018 2399 1101 2439 scio
1120 2400 1214 2450 quid
1233 2400 1327 2439 dicis
1341 2421 1349 2431 ·
1365 2421 1374 2431 ·

509 2465 584 2511 xps
603 2462 702 2501 filius
721 2463 762 2502 dr
777 2483 786 2493 ·
1016 2461 1045 2484 ⁷¹
1058 2463 1234 2502 Exeunte
1255 2470 1383 2502 autem
1402 2464 1467 2504 illo

510 2524 539 2545 ⁶⁴
550 2524 655 2564 Dicit
672 2526 723 2563 illi
742 2526 801 2565 ihs
821 2533 863 2565 tu
882 2526 948 2566 dix
1015 2525 1131 2564 ianua
1146 2546 1155 2556 ·
1196 2525 1304 2564 Uidit
1323 2526 1388 2565 illfi

511 2586 571 2625 isti
587 2608 596 2617 ·
637 2594 769 2627 tamen
790 2589 828 2627 di
1015 2587 1089 2627 alia
1108 2588 1246 2627 ancilla
1264 2594 1302 2627 et
1322 2589 1372 2627 ait

514 2661 562 2687 co
582 2651 692 2689 uobis
706 2672 714 2680 -
755 2651 914 2692 Amodo
1013 2651 1069 2690 eis
1085 2672 1095 2682 ·
1138 2651 1190 2690 ibi
1203 2667 1212 2677 ·
1253 2657 1291 2690 et
1309 2651 1373 2690 hic
1388 2658 1469 2691 erat

510 2711 686 2751 uidebitis
705 2714 817 2752 filiu-
1014 2726 1105 2752 cum
1123 2714 1189 2752 ihu
1208 2726 1403 2753 nazoreno
1419 2735 1427 2745 ·
1552 2717 1647 2765 qfim
1667 2713 1873 2752 damnatus
1893 2719 1951 2752 est
1967 2734 1977 2744 ·

509 2772 677 2813 hominis
696 2776 813 2815 seden
1013 2777 1042 2798 ⁷²
1054 2776 1106 2815 Et
1123 2777 1260 2816 iterum
1279 2777 1436 2827 negauit
1550 2777 1759 2827 penitentia
1778 2776 1916 2816 ductus
1935 2797 1944 2807 ·

511 2839 590 2873 tem
611 2836 660 2874 ad
679 2837 846 2877 dextra*
1013 2851 1103 2878 cum
1118 2839 1332 2878 iuramento
1349 2860 1358 2870 ·
1389 2840 1480 2890 quia
1549 2839 1676 2878 retulit
1691 2839 1845 2890 triginta

509 2897 657 2936 uirtutis
670 2918 679 2929 ·
1010 2914 1091 2941 non
1110 2903 1202 2941 noui
1216 2902 1414 2942 hominem
1549 2909 1755 2952 argenteos

1552 2651 1618 2701 qui
1637 2662 1728 2689 eum
1747 2650 1901 2689 tradidit

2855 3167 2872 3268 :naumann
2870 3097 2872 3102 .
2859 2826 2872 3002 1.·„.„;
2856 2768 2872 2794 ’.-
2867 2722 2872 2740 ..
2869 2689 2872 2695 .
