2872 3268
535 219 590 263 32
1365 198 1663 247 SECUNDIJ
1672 227 1681 236 ·
1835 219 1838 223 ·
2119 213 2266 256 [xxm.
2280 218 2475 258 31-xx1v.
2492 214 2544 251 18.

347 322 431 355 1¹01.
443 323 509 358 82.
533 323 797 363 testimonium
1034 320 1084 359 Et
1103 320 1252 370 lapidas
1270 331 1338 359 eos
1357 320 1422 370 qui
1571 327 1628 359 tes
1642 341 1651 351 ·
1680 320 1742 359 dic
1762 321 1875 360 nobis
2073 321 2103 344 ¹⁰
2114 321 2164 361 Et
2184 330 2276 363 tunc
2295 324 2514 365 scandaliza
2558 331 2714 365 nom&

532 386 690 424 redditis
707 386 822 424 uobis
838 405 848 415 ·
1034 383 1083 421 ad
1103 389 1140 420 te
1159 382 1247 420 misi
1266 389 1354 421 sunt
1367 403 1377 413 ·
1570 382 1729 434 quando
1749 382 1821 421 hec
1841 395 1865 422 e
2073 386 2216 424 buntur
2234 386 2344 425 multi
2360 408 2369 418 ·

533 448 638 496 Quia
657 448 710 487 fili
730 448 821 487 estis
839 451 933 487 eorfi
1034 445 1204 493 Quotien
1222 445 1328 483 uolui
1348 457 1425 484 con
1568 451 1680 484 runt·
1709 451 1748 484 et
1767 445 1875 496 quod
2072 454 2111 486 et
2129 448 2296 487 inuicem
2314 450 2462 489 tradent
2475 471 2486 481 ·

531 512 596 562 qui
615 511 840 550 occiderunt
1031 520 1192 558 gregare
1212 507 1310 547 filios
1569 507 1726 557 signum
1745 508 1873 547 aduen
2072 516 2110 548 et
2130 511 2224 550 odio
2242 511 2442 552 habebunt

529 573 697 625 profetas
713 594 722 603 ·
751 571 781 594 ⁸²
793 571 876 610 Uos
1030 576 1118 608 tuos
1130 591 1140 600 ·
1167 570 1336 621 quemad
1568 576 1629 608 tus
1648 570 1702 608 tui
1716 591 1725 600 -
1755 576 1793 609 et
1812 582 1889 610 con
2071 572 2240 612 inuicem
2256 594 2266 604 ·
2295 571 2325 594 33
2340 574 2457 614 Multi

527 649 622 686 ergo
641 635 798 685 implete
819 641 906 672 men
1030 632 1193 671 modum
1212 633 1355 683 gallina
1568 633 1836 672 summationis
2071 635 2358 686 pseudoprofeti

527 711 615 737 sura
633 706 786 749 patrum
1028 702 1242 746 congregat
1259 696 1325 746 pul
1567 695 1687 734 seculi
1703 716 1713 726 ·
1757 695 1834 735 ⁴-Et
1853 708 1917 736 res
2070 705 2278 748 exsurgent
2296 705 2335 737 et
2353 711 2395 738 se

525 767 741 799 uestrorum
757 780 766 790 ·
796 758 825 779 33
837 770 898 797 ser
1028 757 1086 797 los
1107 770 1200 796 suos
1219 760 1291 798 sub
1310 757 1415 798 11alas
1565 758 1746 808 pondens
1764 758 1823 797 ihs
1958 789 1960 791 .
2071 759 2214 799 ducent
2232 761 2375 801 multos
2389 783 2400 793 ·

525 830 660 874 pentes
678 833 820 872 genera
1027 833 1116 859 suas
1135 828 1174 859 et
1192 821 1317 860 noluis
1566 820 1664 859 dixit
1679 821 1734 860 eis
1747 842 1756 852 ·
1786 820 1927 860 Uidete
2070 820 2099 842 ¹²
2109 821 2160 861 Et
2179 827 2275 873 qfim
2294 824 2505 864 abundauit

523 885 578 924 tio
596 885 814 935 uiperarum
830 904 839 913 ·
1026 884 1074 922 tis
1090 904 1099 914 ·
1118 906 1125 914 ·
1156 884 1186 906 ⁸⁸
1200 884 1308 924 Ecce
1327 898 1369 924 re
1510 917 1515 922 .
1565 884 1701 934 nequis
1719 896 1792 924 uos
1811 896 1852 923 se
2069 884 2247 935 iniquitas
2293 886 2381 926 refri

525 946 738 994 Quomodo
758 945 912 996 fugietis
1026 946 1218 997 linquetur
1235 948 1348 987 uobis
1565 946 1682 985 ducat
1697 967 1707 977 ·
1736 947 1750 967 ⁵
1761 947 1871 986 multi
2069 948 2190 997 gescit
2209 949 2348 988 caritas
2366 950 2447 988 mul

522 1022 546 1048 a
564 1009 705 1047 iudicio
724 1008 902 1059 gehenne
915 1029 925 1039 ·
1026 1009 1167 1048 domus
1186 1017 1315 1049 uestra
1563 1009 1668 1047 enim
1686 1010 1847 1048 uenient
2068 1017 2198 1049 torum
2213 1032 2223 1041 ·
2266 1011 2294 1034 33
2309 1011 2386 1051 Sed
2406 1013 2471 1064 qui

523 1072 551 1093 ⁸⁴
564 1072 660 1110 Ideo
681 1084 775 1111 ecce
789 1083 865 1122 ego
881 1072 993 1111 mitto
1026 1073 1180 1112 deserta
1192 1094 1202 1103 ·
1231 1073 1261 1094 ³⁹
1273 1073 1375 1113 Dico
1563 1071 1603 1109 in
1623 1072 1780 1111 nomine
1799 1084 1891 1111 meo
2068 1074 2323 1123 permanserit
2340 1075 2382 1114 in

523 1133 572 1173 ad
590 1146 663 1173 uos
682 1133 853 1185 profetas
1025 1135 1130 1174 enim
1149 1136 1262 1175 uobis
1283 1157 1292 1166 -
1323 1137 1414 1187 quia
1563 1134 1735 1173 dicentes
1754 1148 1830 1186 ego
2069 1134 2187 1174 finem
2208 1136 2271 1176 hic
2292 1137 2422 1177 saluus

522 1204 561 1236 et
580 1197 774 1247 sapientes
819 1203 857 1235 et
1026 1210 1107 1237 non
1128 1211 1178 1238 ne
1198 1199 1376 1238 uidebitis
1563 1209 1649 1236 sum
1670 1201 1745 1248 xps
1765 1205 1804 1237 et
1822 1197 1904 1237 mul
2067 1198 2138 1237 erit
2153 1219 2162 1229 ·
2206 1199 2234 1220 ¹⁴
2246 1206 2283 1238 et
2301 1201 2434 1250 praedi

523 1260 668 1299 scribas
684 1280 695 1289 -
722 1259 860 1299 exiliis
1025 1273 1049 1300 a
1068 1261 1188 1301 modo
1205 1282 1214 1292 ·
1243 1261 1372 1302 donec
1562 1267 1624 1299 tos
1645 1260 1830 1299 seducent
1846 1282 1855 1291 ·
2068 1261 2217 1300 cabitur
2235 1262 2310 1302 hoc
2330 1275 2432 1302 euan

522 1322 708 1361 occidetis
727 1329 766 1361 et
785 1334 853 1361 cru
1026 1324 1161 1363 dicatis
1176 1325 1276 1363 bene
1562 1322 1576 1344 3
1587 1322 1761 1362 Audietis
1781 1330 1912 1362 autem
2067 1323 2212 1374 gelium
2230 1325 2340 1375 regni
2353 1346 2364 1355 ·
2392 1325 2432 1364 in

522 1386 686 1436 cifigetis
700 1405 709 1416 ·
738 1397 787 1424 ex
805 1385 878 1424 illis
1024 1386 1149 1425 dictus
1169 1387 1235 1438 qui
1253 1399 1303 1427 ue
1562 1385 1711 1436 proelia
1729 1393 1767 1424 et
1785 1387 1850 1437 opi
2066 1387 2248 1426 uniuerso
2267 1388 2351 1427 orbi
2367 1409 2376 1419 -

521 1447 766 1499 flagellabitis
784 1449 827 1486 in
1024 1450 1081 1488 nit
1098 1450 1138 1487 in
1157 1450 1317 1489 nomine
1562 1448 1700 1487 niones
1720 1449 1841 1500 proeli
2066 1449 2106 1486 in
2126 1450 2387 1489 testimonium

521 1511 732 1563 synagogis
750 1511 889 1550 uestris
1025 1512 1175 1551 domini
1193 1529 1242 1546 ι-
1561 1522 1674 1549 orum
1689 1531 1699 1541 ·
1728 1510 1867 1551 Uidete
2064 1512 2246 1551 omnibus
2264 1512 2442 1562 gentibus
2458 1534 2469 1544 ·

520 1598 572 1638 Et
589 1599 863 1650 persequimini
993 1598 1014 1621 *
1027 1605 1098 1640 24.
1127 1599 1199 1639 ¹Et
1215 1612 1394 1650 egressus
1413 1601 1472 1639 ihs
1562 1611 1611 1638 ne
1631 1600 1838 1638 turbemini
1853 1620 1864 1631 ·
2064 1608 2103 1640 et
2121 1608 2213 1641 tunc
2231 1603 2361 1642 ueniet

521 1663 570 1702 de
590 1662 742 1702 ciuitate
761 1662 802 1700 in
821 1661 897 1700 ciui
991 1661 1011 1684 *
1026 1663 1076 1702 de
1098 1663 1245 1713 templo
1261 1684 1271 1693 ·
1300 1664 1380 1703 ibat
1395 1685 1405 1695 ·
1562 1661 1727 1712 Oportet
1747 1663 1852 1701 enim
1872 1662 1968 1703 haec
2091 1681 2145 1698 w
2173 1665 2261 1703 finis
2287 1682 2343 1700 -ι-

520 1731 639 1764 tatem
652 1746 661 1755 ·
704 1724 735 1746 ³⁵
745 1731 787 1763 ut
804 1725 934 1763 ueniat
990 1724 1011 1747 *
1024 1733 1063 1765 et
1082 1731 1329 1765 accesserunt
1562 1724 1644 1762 fieri
1689 1725 1757 1763 sed
1776 1725 1912 1764 nondi‘i
2028 1723 2048 1747 *
2063 1724 2094 1747 ¹⁵
2106 1725 2208 1766 Cum
2226 1739 2322 1778 ergo
2341 1727 2464 1768 uideri

520 1799 634 1838 super
655 1799 728 1826 uos
747 1787 876 1826 omnis
936 1786 938 1789 ’
990 1787 1010 1810 *
1024 1789 1198 1839 discipuli
1217 1789 1299 1828 eius
1311 1809 1320 1819 ·
1560 1794 1619 1825 est
1638 1787 1725 1827 finis
1737 1808 1748 1818 ·
1789 1787 1921 1827 “insur
2031 1787 2051 1809 *
2065 1790 2111 1828 tis
2131 1790 2343 1830 abhomina

519 1850 677 1900 sanguis
692 1850 813 1888 iustus
990 1851 1010 1873 *
1023 1859 1065 1891 ut
1083 1851 1334 1891 ostenderent
1559 1856 1626 1900 get
1644 1850 1749 1888 enim
1767 1862 1867 1901 gens
1886 1863 1962 1890 con
2029 1850 2049 1872 *
2063 1852 2209 1891 tionem
2227 1852 2323 1892 deso

518 1914 584 1964 qui
606 1910 814 1951 effunditur
833 1924 878 1951 su
989 1914 1009 1935 *
1023 1915 1058 1953 ei
1077 1919 1284 1953 structuras
1558 1917 1617 1951 tra
1635 1919 1794 1962 gentem
1810 1933 1820 1943 ·
1849 1920 1888 1953 et
2029 1913 2214 1954 *lationis
2229 1936 2239 1946 ·
2268 1916 2374 1966 quod

518 1988 586 2027 per
604 1982 745 2014 terram
758 1997 767 2006 ·
798 1976 832 2014 A
989 1976 1009 1998 *
1022 1977 1156 2027 templi
1172 1997 1181 2007 ·
1224 1974 1317 2016 'Ihs
1336 1981 1424 2016 aute
1559 1987 1724 2024 regnum
1743 1975 1864 2014 aduer
2061 1978 2208 2017 dictum
2227 1985 2285 2017 est
2303 1991 2372 2029 per

520 2039 706 2090 sanguine
727 2038 814 2077 abel
833 2039 892 2077 ius
1021 2039 1264 2090 respondens
1283 2040 1377 2079 dixit
1559 2049 1624 2076 sus
1643 2049 1808 2088 regnum
1824 2058 1834 2068 ·
1862 2044 1900 2076 et
2061 2040 2190 2080 daniel
2209 2041 2396 2092 profeta-

517 2102 545 2140 ti
561 2123 570 2132 ·
599 2113 721 2151 usque
739 2101 789 2139 ad
809 2113 878 2139 san
1022 2102 1077 2141 eis
1092 2123 1101 2132 ·
1130 2114 1213 2141 non
1231 2102 1368 2141 uidetis
1558 2106 1668 2138 erunt
1687 2100 1810 2140 fames
1823 2121 1832 2132 ·
1862 2107 1900 2140 et
2061 2109 2228 2142 stantem
2246 2104 2287 2142 in
2306 2104 2347 2143 lo

517 2164 675 2215 guinem
695 2163 893 2202 zachariae
1021 2164 1118 2203 haec
1138 2165 1271 2204 omnia
1287 2186 1295 2195 ·
1331 2166 1462 2205 Amen
1557 2169 1685 2213 pestes
1702 2184 1711 2193 ·
1741 2170 1779 2202 et
1798 2170 1899 2203 terre
2060 2178 2110 2205 co
2130 2170 2199 2205 seo
2239 2167 2304 2217 qui
2323 2166 2360 2206 le

517 2226 571 2265 fili
590 2226 748 2265 barachi
764 2246 774 2256 ·
804 2237 921 2276 quem
1021 2227 1109 2266 dico
1127 2227 1240 2266 uobis
1286 2240 1368 2266 non
1557 2232 1687 2264 motus
1705 2238 1774 2276 per
1792 2226 1881 2266 loca
1894 2247 1903 2257 ·
2060 2229 2116 2278 git
2134 2229 2332 2279 intellegat
2347 2250 2357 2259 ·

517 2289 712 2329 occidistis
731 2289 829 2326 inter
1020 2290 1254 2340 relinquetur
1274 2290 1337 2329 hic
1557 2287 1571 2309 ⁸
1585 2288 1729 2328 Omnia
1747 2295 1878 2327 autem
1897 2288 1993 2329 haec
2014 2311 2023 2321 ·
2059 2290 2216 2330 ¹⁶Tunc
2235 2292 2300 2342 qui
2319 2292 2360 2330 in
2379 2291 2493 2331 iudea

516 2351 708 2401 templum
727 2356 766 2389 et
784 2350 860 2389 alta
1019 2352 1116 2403 lapis
1135 2365 1251 2403 super
1270 2353 1348 2403 lapi
1556 2351 1663 2389 initia
1682 2357 1771 2390 sunt
1790 2358 1902 2402 partu
2061 2359 2150 2395 sunt
2169 2353 2321 2403 fugiant

516 2426 568 2452 re.
612 2414 641 2435 ³⁶
654 2414 783 2451 Amen
803 2413 893 2453 dico
1020 2415 1110 2453 dem
1130 2416 1196 2466 qui
1215 2428 1296 2454 non
1316 2415 1364 2454 de
1555 2413 1701 2452 ritionis
1717 2434 1727 2443 ·
1766 2414 1781 2436 ⁹
1801 2413 1916 2452 Tunc
2058 2415 2098 2453 in
2118 2416 2316 2454 montibus
2330 2437 2340 2447 ·

515 2476 627 2514 uobis
646 2476 737 2526 quia
754 2476 844 2514 ueni
1019 2484 1183 2516 struatur
1196 2499 1205 2508 ·
1556 2475 1708 2515 tradent
1726 2488 1800 2515 uos
1819 2476 1859 2514 in
1879 2476 1925 2515 tri
2060 2477 2091 2499 ¹⁷
2100 2477 2153 2516 Et
2172 2479 2237 2530 qui
2257 2479 2297 2516 in
2317 2485 2422 2519 tecto
2438 2500 2448 2510 ·

517 2545 582 2576 ent
602 2538 673 2576 hec
693 2538 825 2577 omnia
843 2550 888 2576 su
1019 2540 1033 2561 3
1047 2540 1214 2579 Sedente
1234 2546 1364 2579 autem
1382 2540 1470 2592 ipso
1556 2539 1792 2578 bulationem
1808 2560 1816 2569 ·
1846 2545 1884 2578 et
2059 2552 2142 2579 non
2162 2540 2377 2580 descendat

517 2611 585 2650 per
606 2601 854 2650 generatione
1018 2613 1132 2653 super
1151 2610 1325 2642 montem
1556 2601 1733 2641 occident
1750 2613 1824 2640 uos
1841 2608 1880 2641 et
1898 2614 1921 2641 e
2057 2602 2191 2642 tollere
2212 2603 2356 2655 aliquid

518 2662 631 2699 istam
645 2683 653 2691 ·
669 2683 678 2692 ·
694 2684 701 2692 -
731 2662 761 2683 ⁸⁷
775 2662 942 2703 Hierusa
1016 2666 1144 2705 oliueti
1160 2687 1169 2696 ·
1198 2666 1368 2705 Accesse
1555 2665 1636 2704 ritis
1654 2665 1746 2704 odio
1765 2665 1947 2704 omnibus
2057 2665 2105 2704 de
2123 2666 2242 2705 domo
2258 2687 2267 2697 ·
2309 2666 2339 2688 ¹⁸
2352 2666 2404 2706 Et

518 2722 594 2760 lem
614 2723 842 2763 hierusalem
1017 2735 1106 2767 runt
1124 2729 1174 2767 ad
1192 2741 1283 2767 eum
1303 2729 1398 2768 disci
1515 2724 1519 2727 ’
1553 2727 1730 2778 gentibus
1748 2733 1903 2778 propter
2057 2728 2123 2779 qui
2143 2729 2182 2766 in
2202 2741 2299 2780 agro
2318 2742 2398 2769 non

517 2796 615 2834 quae
635 2785 779 2825 occidis
798 2787 906 2837 profe
1016 2791 1096 2842 puli
1116 2798 1263 2831 secreto
1285 2791 1398 2831 dicen
1553 2802 1700 2829 nomen
1718 2802 1849 2828 meum
2055 2798 2264 2830 reuertatur
2282 2804 2324 2830 re

815 2856 875 2887 tas
