2872 3268
24 315 27 317 ⁵
87 336 171 371 ποι.
182 337 246 370 13..

267 218 325 248 vt.
339 215 462 258 4-28.]

267 337 433 377 mosyna
452 332 518 365 tua
536 326 577 364 in

267 389 500 427 abscondito
516 406 524 414 ·
566 388 617 426 Et

267 458 376 502 pater
395 458 483 490 tuus
503 452 571 502 qui

266 514 372 553 uidet
390 515 430 552 in
450 516 598 553 abscon

268 577 349 616 dito
365 598 373 606 ·
416 577 499 627 ipse
518 576 588 615 red

268 640 334 679 det
352 639 419 678 tibi
439 640 480 677 in
499 639 606 677 mani

266 702 368 741 festo
386 720 393 728 -
437 701 511 740 5Εῐ
530 714 620 740 cum
640 713 665 740 ο

266 777 328 803 ras
347 777 429 803 non
448 764 522 803 eris
542 762 638 803 sicut

266 826 492 877 hypocritae
505 844 513 852 ·
555 827 621 876 qui

267 895 400 927 amant
420 895 518 928 stare
537 889 578 926 in
598 901 642 939 sy

267 951 433 1002 nagogis
486 958 525 989 et
543 952 583 989 in
603 963 655 989 an

267 1014 367 1064 gulis
386 1014 602 1064 platearum

268 1082 415 1115 stantes
434 1077 593 1115 adorare
611 1101 618 1109 ·

266 1145 309 1178 ut
327 1139 530 1178 uideantur
549 1139 599 1177 ab

267 1201 492 1240 hominibus
509 1219 517 1227 ·

267 1264 400 1303 Amen
416 1265 504 1303 dico
524 1265 639 1303 uobis

266 1334 524 1378 perceperunt

270 1389 491 1428 mercedem
511 1401 622 1428 suam
638 1407 646 1414 ·

269 1451 355 1490 8Τιι
374 1458 504 1491 autem
518 1464 608 1490 cum
623 1463 712 1490 oras
726 1469 734 1477 ·

267 1515 366 1553 intra
385 1515 426 1553 in
445 1514 623 1553 cubicuh‘r

269 1583 379 1616 tuum
397 1595 405 1603 ·
444 1577 497 1615 Et
516 1577 680 1615 cludens

270 1666 413 1704 ostium
432 1672 542 1704 tuum
557 1682 565 1690 -
602 1676 627 1702 o

270 1740 312 1766 ra
331 1734 481 1778 patrem
499 1734 610 1765 tuum

270 1790 309 1828 in
329 1791 525 1829 absconso
542 1808 550 1816 ·
593 1795 631 1827 et
649 1801 701 1839 pa

269 1859 327 1906 ter
345 1859 434 1891 tuus
453 1853 519 1903 qui
537 1852 643 1890 uidet

269 1915 310 1952 in
329 1915 525 1953 absconso
565 1914 634 1953 red

268 1977 335 2016 det
354 1978 422 2016 tibi
441 1978 481 2015 in
499 1977 664 2016 manifes

269 2046 311 2079 to
325 2060 333 2069 ·
372 2040 547 2079 ''orantes
567 2052 617 2078 au

269 2108 350 2141 tem
369 2102 487 2141 nolite
505 2102 629 2140 multu

269 2165 376 2216 loqui
422 2165 519 2204 sicut
538 2164 680 2202 ethnici
697 2181 704 2189 ·

269 2234 407 2279 putant
426 2228 530 2267 enirn
550 2227 656 2278 quod

1083 208 1173 248 MA
1186 201 1397 248 TTHEU‘
1405 229 1415 238 ·

771 325 986 364 ¹⁰adueniat
1005 337 1075 375 reg

770 400 865 426 num
885 394 995 426 tuum
1048 388 1115 425 fiat

769 450 951 488 uoluntas
970 457 1037 489 tua
1057 450 1090 488 si

770 518 835 550 cut
854 513 894 550 in
914 512 1024 551 caelo
1043 518 1081 550 et
1100 512 1140 549 in

769 581 894 613 terra·
936 574 1115 625 ¹¹panem

768 644 944 677 nostrum
965 637 1082 676 cotidi

768 713 887 739 anum
908 700 958 739 da
977 699 1091 738 nobis

768 763 886 801 hodie
940 761 1014 800 ¹²et
1033 761 1146 799 remit

768 832 805 864 te
826 825 938 863 nobis
959 825 1088 863 debita

769 893 903 927 nostra
959 888 1058 925 sicut

769 957 806 989 et
825 962 900 989 nos
920 950 1146 988 dimittimus

770 1013 1009 1052 debitoribus
1029 1024 1103 1051 nos

770 1077 836 1114 tris
853 1097 861 1106 ·
905 1075 977 1113 ¹³et
996 1087 1046 1113 ne
1066 1075 1160 1114 indu

771 1151 837 1177 cas
856 1150 929 1177 nos
949 1138 988 1175 in
1009 1144 1129 1175 temta

772 1202 939 1240 tionem·
982 1200 1052 1238 sed
1070 1200 1146 1239 libe

770 1276 812 1302 ra
832 1275 905 1301 nos
928 1275 951 1300 a
970 1262 1075 1301 malo

770 1331 866 1377 qum
885 1333 994 1364 tuum
1014 1331 1071 1363 est

770 1401 936 1439 regnum
956 1395 1066 1426 tuum
1086 1394 1123 1426 et
1138 1387 1197 1425 uir

770 1458 830 1489 tus
851 1458 888 1489 et
908 1451 1030 1501 gloria
1048 1451 1089 1488 in

770 1514 901 1553 secula
938 1525 1075 1551 amen·

771 1577 875 1615 enim
895 1575 1112 1614 dimiseritis

1120 1511 1149 1534 14
1159 1511 1199 1550 Si

770 1665 995 1703 hominibus
1015 1676 1088 1714 pec

772 1733 858 1766 cata
877 1738 1013 1765 eorum
1030 1743 1038 1751 ·
1079 1725 1119 1764 di

771 1790 888 1828 mittet
906 1790 1018 1828 uobis
1037 1795 1075 1827 et
1093 1794 1203 1838 pater

771 1858 898 1891 uester
917 1852 983 1902 qui
1003 1857 1061 1890 est
1079 1852 1119 1888 in

773 1916 887 1954 celis·
930 1914 959 1935 ¹⁶
969 1914 1009 1952 Si
1029 1921 1158 1952 autem

773 1990 855 2016 non
874 1977 1045 2015 remiscri

772 2041 819 2079 tis
838 2040 1061 2078 hominibus

773 2108 937 2154 peccata
955 2114 1092 2140 eorum
1110 2119 1117 2127 ·

774 2178 848 2204 nec
867 2171 977 2216 pater
994 2170 1121 2202 uester

719 2226 738 2248 *
774 2228 941 2268 remittet
954 2228 1067 2266 uobis

269 2290 311 2329 in
332 2290 574 2341 multiloquio
594 2302 664 2329 suo
702 2281 756 2313 inc
774 2297 936 2342 peccata
951 2297 1080 2329 uestra
1097 2310 1105 2318 ·
1123 2306 1176 2323 ω

271 2357 528 2395 exaudiuntur
544 2378 553 2386 ·

775 2370 1032 2389 mmm

271 2418 424 2458 ⁸Nolite
437 2431 531 2469 ergo
545 2419 711 2457 similare
739 2414 758 2436 *
775 2415 914 2455 ¹⁶Cu1n
934 2421 1063 2453 autem
1083 2415 1160 2453 ieiu

272 2494 340 2521 eos
357 2499 365 2507 ·
406 2482 478 2520 scit
497 2482 602 2520 enim
621 2494 673 2531 pa

271 2551 329 2583 ter
347 2550 474 2582 uester
493 2543 585 2594 quid
603 2556 655 2582 uo

272 2607 332 2644 bis
351 2617 450 2656 opus
469 2606 515 2644 sit
534 2612 623 2644 ante

274 2681 392 2719 quam
412 2668 549 2718 petatis
568 2680 657 2706 eum
671 2685 679 2693 ·

274 2731 350 2769 ⁹sic
372 2742 466 2780 ergo
486 2736 592 2768 orate
611 2741 684 2768 uos
701 2754 709 2763 -

273 2792 387 2831 Pater
406 2798 536 2830 noster
557 2793 631 2830 nos

271 2852 330 2894 ter
349 2855 415 2905 qui
434 2855 475 2893 in
494 2855 608 2893 caelis
628 2867 670 2893 es
683 2872 692 2880 ·

274 2921 464 2959 seificetur
484 2932 631 2959 nomen

563 2988 657 3020 tuu‘·

775 2479 874 2517 natis
891 2496 899 2504 ·
944 2478 1064 2516 nolite
1085 2477 1110 2515 fi

741 2540 760 2562 *
777 2541 830 2580 eri
849 2541 946 2579 sicut
969 2540 1074 2590 hypo

741 2604 760 2625 ’¹‘
778 2604 893 2642 critae
912 2603 1037 2641 tristes
1051 2619 1059 2628 ·

772 2664 1044 2703 Exterminant
1062 2668 1126 2702 eni

774 2727 891 2766 facies
910 2739 999 2765 suas
1019 2733 1061 2764 ut

774 2796 935 2839 pareant
955 2788 1104 2826 homini

773 2853 846 2890 bus
870 2852 1083 2890 ieiunantes
1100 2868 1108 2876 ·

774 2914 903 2952 Amen
924 2914 1011 2952 dico
1030 2913 1142 2951 uobis

1307 322 1471 362 Habent
1490 335 1621 362 merce

1306 385 1398 423 dem
1417 397 1529 424 suam
1544 402 1552 410 ·
1592 385 1621 406 ¹⁷
1631 384 1696 423 Tu

1307 454 1439 485 autem
1459 460 1549 486 curn
1569 447 1644 485 ieiu

1306 523 1379 548 nas
1429 523 1563 560 ungue
1584 523 1632 549 ca

1305 579 1375 623 put
1389 579 1498 611 tuum
1517 579 1555 611 et
1573 572 1612 611 fa

1306 635 1407 674 ciem
1421 642 1528 674 tuam
1547 636 1636 674 laua
1653 654 1660 661 ·

1305 696 1334 719 ³⁸
1342 710 1392 736 ne
1411 710 1548 748 pareas
1569 699 1677 737 homi

1306 761 1420 799 nibus
1440 761 1616 799 ieiunans
1634 779 1642 787 ·

1307 823 1386 862 Sed
1404 824 1503 873 patri
1522 830 1590 862 tuo
1611 823 1677 874 qui

1306 892 1364 924 est
1383 886 1423 923 in
1443 885 1672 924 abscondito
1690 910 1698 918 -

1305 948 1356 987 Et
1374 955 1484 999 pater
1501 954 1589 986 tuus
1608 948 1674 999 qui

1306 1011 1411 1050 uidet
1430 1011 1470 1047 in
1491 1010 1681 1049 abscondi

1306 1080 1348 1111 to
1364 1072 1500 1111 reddet
1519 1073 1586 1110 tibi
1601 1091 1608 1098 ·

1307 1135 1474 1173 1⁹Nolite
1494 1134 1690 1173 thensauri

1307 1210 1395 1236 zare
1414 1198 1528 1236 uobis
1545 1219 1552 1227 -
1601 1197 1715 1235 thens

1308 1273 1421 1299 auros
1441 1261 1480 1298 in
1499 1266 1600 1299 terra
1616 1278 1623 1285 ·

1307 1324 1373 1361 ubi
1392 1336 1514 1373 erugo
1534 1329 1572 1361 et
1590 1323 1693 1361 tinea

1308 1393 1346 1425 et
1365 1393 1583 1425 comestura
1602 1398 1650 1424 ex

1307 1450 1486 1488 terminat
1500 1467 1508 1475 ·
1549 1448 1600 1486 Et
1618 1448 1684 1486 ubi

1308 1512 1410 1551 fures
1425 1512 1614 1551 effodiunt

1308 1582 1347 1614 et
1365 1575 1556 1614 furantur·

1309 1662 1338 1685 ²⁰
1346 1663 1650 1702 Thensaurizate
1670 1675 1721 1701 au

1309 1733 1389 1765 tem
1407 1726 1521 1764 uobis
1568 1726 1682 1764 thens

1310 1800 1426 1827 auros
1445 1789 1485 1825 in
1505 1788 1615 1827 caelo
1631 1806 1639 1814 ·
1683 1788 1748 1827 ubi

1310 1864 1437 1902 neque
1458 1863 1579 1901 erugo
1592 1870 1600 1877 ·
1640 1863 1691 1890 ne

1311 1926 1387 1964 que
1406 1914 1509 1951 tinea
1525 1931 1532 1939 ·
1577 1925 1704 1963 neque

1311 1982 1529 2015 comestura
1548 1983 1655 2014 exter

1311 2039 1433 2077 minat
1446 2056 1454 2064 ·
1495 2045 1533 2076 et
1551 2039 1618 2076 ubi
1637 2038 1678 2076 fu

1311 2113 1372 2139 res
1392 2112 1475 2139 non
1494 2101 1685 2139 effodiunt

1311 2169 1348 2201 et
1367 2163 1538 2201 furantur
1551 2181 1559 2189 ·

1311 2223 1340 2246 ²1
1348 2225 1427 2264 Ubi
1447 2226 1552 2263 enim
1572 2225 1685 2264 fuerit

1310 2287 1538 2326 thensaurus
1556 2293 1645 2326 tuus

1311 2350 1363 2388 ibi
1381 2350 1452 2388 erit
1471 2356 1509 2388 et
1528 2361 1596 2388 cor
1615 2356 1722 2387 tuu--
1746 2371 1754 2379 ·

1311 2411 1528 2450 ²²Lucerna
1551 2412 1725 2462 corporis

1311 2476 1365 2513 tui
1384 2481 1441 2514 est
1460 2475 1593 2514 oculus
1611 2481 1699 2513 tuus
1713 2493 1720 2501 ·
1734 2497 1763 2504 -

1314 2537 1354 2576 Si
1374 2538 1509 2576 oculus
1527 2543 1615 2575 tuus
1635 2538 1708 2575 sim

1312 2600 1403 2650 plex
1423 2599 1534 2638 fuerit
1550 2617 1558 2624 ·
1601 2604 1684 2638 totu

1313 2674 1455 2712 corpus
1474 2668 1583 2699 tuum
1603 2662 1642 2700 lu

1312 2724 1443 2763 cidum
1462 2724 1531 2762 erit
1547 2742 1555 2749 ·
1574 2742 1581 2750 ·
1622 2722 1699 2763 ²³Si
1719 2736 1768 2763 au

1312 2793 1392 2824 tem
1411 2786 1546 2824 oculus
1565 2791 1652 2824 tuus

1312 2859 1483 2897 nequam
1502 2847 1614 2886 fuerit
1634 2865 1642 2873 ·

1311 2909 1458 2949 Totum
1477 2922 1617 2960 corpus
1636 2914 1705 2949 tufi

2249 218 2271 261 7

1807 323 2056 362 tenebrosum
2075 325 2144 362 erit
2160 342 2167 350 ·

1810 387 1850 424 Si
1870 398 1965 436 ergo
1984 386 2117 424 lumen
2138 386 2239 436 qu0d

1808 449 1849 486 in
1868 454 1905 486 te
1925 454 1983 486 est
2002 449 2160 486 tenebre

1810 516 1920 549 sunt·
1962 511 2046 560 ipse
2065 516 2154 549 tene

1808 573 1877 611 bre
1897 579 2040 623 quante
2061 578 2150 611 sunt
2166 593 2173 601 ·

1807 634 1974 674 24Nemo
1993 640 2121 685 potest
2141 634 2219 673 duo

1807 699 1881 736 bus
1900 698 2068 736 dominis
2083 710 2144 736 ser

1807 761 1887 799 uire
1904 777 1912 786 ·
1956 760 2037 798 Aut
2056 760 2160 799 enim

1807 835 1929 861 unum
1948 823 2051 861 odiet
2103 829 2142 861 et

1808 886 1970 924 alterum
1989 885 2134 924 amabit
2149 903 2157 911 ·

1809 949 1888 985 Aut
1906 960 2028 986 unum
2047 947 2149 997 patie

1808 1016 1868 1048 tur
1921 1017 1959 1048 et
1978 1009 2139 1048 alterurn

1808 1078 2032 1111 contemnet
2047 1093 2056 1101 ·
2097 1084 2178 1110 non

1808 1135 1966 1185 potestis
1987 1135 2038 1173 do
2059 1147 2121 1173 ser

1807 1198 1887 1235 uire
1907 1202 1944 1235 et
1963 1209 2138 1235 mammo

1808 1249 1858 1298 ne
1872 1278 1880 1285 ·
1921 1260 2055 1299 ²⁵Ideo
2077 1260 2164 1298 dico

1807 1323 1918 1361 uobis
1972 1335 2022 1360 ne
2042 1322 2169 1372 cogite

1808 1385 1856 1424 tis
1876 1385 1917 1423 in
1936 1384 2054 1423 corde
2073 1396 2143 1422 ues

1809 1455 1868 1487 tro
1919 1447 2013 1498 quid
2032 1446 2180 1485 mandu

1810 1510 1904 1549 cetis
1919 1530 1927 1538 ·
1972 1515 2036 1547 aut
2056 1509 2151 1559 quid

1809 1572 1949 1611 bibatis
1966 1589 1973 1598 ·
2010 1583 2138 1621 neque

1811 1660 1966 1710 corpori
1984 1666 2115 1698 uestro
2130 1676 2137 1685 ·

1812 1722 1905 1773 quid
1923 1722 2109 1760 induatis·
2144 1733 2226 1759 non

1812 1797 1862 1823 ne
1882 1785 2011 1823 anima
2031 1784 2149 1834 pluris

1812 1854 1871 1886 est
1889 1859 2007 1897 quam
2026 1859 2117 1885 esca
2131 1864 2140 1872 ·

1812 1917 1850 1949 et
1869 1922 2012 1960 corpus
2030 1921 2150 1960 quam

1811 1973 2039 2011 uestimenta
2054 1993 2062 2001 ·

1813 2036 1841 2057 ²⁶
1849 2035 2043 2089 Respicite
2063 2034 2208 2073 uolatili

1812 2111 1835 2136 a
1855 2098 1951 2136 caeli
1966 2115 1974 2123 ·
2015 2101 2110 2146 qfim
2129 2109 2210 2136 non

1813 2166 1943 2199 serunt
1980 2172 2108 2210 neque

1812 2230 1962 2262 metunt
1978 2243 1985 2252 ·
2029 2234 2157 2272 neque

1812 2291 2052 2335 congregant
2070 2286 2111 2323 in

1813 2348 1953 2386 horreo
1968 2366 1975 2373 ·
2017 2347 2067 2385 Et
2086 2352 2196 2397 pater

1814 2417 1941 2449 uester
1955 2410 2130 2449 caelestis

1814 2474 1879 2512 alit
1898 2472 1979 2510 illas
1996 2493 2003 2501 -
2044 2484 2176 2511 nonne

1814 2536 1939 2586 magis
1957 2547 2030 2573 uos
2048 2535 2168 2585 pluris

1814 2599 1906 2637 estis
1925 2598 1994 2636 illis
2010 2616 2018 2624 ·
2061 2598 2090 2620 2⁷
2098 2597 2195 2644 Quis
2214 2606 2219 2611 ·

1814 2668 1942 2700 autem
1964 2673 2011 2699 ex
2031 2661 2142 2699 uobis
2161 2672 2209 2698 co

1813 2723 1973 2775 gitando
1992 2729 2120 2773 potest

1814 2787 1985 2825 adicere·
2027 2785 2077 2823 ad
2096 2790 2197 2822 statu

1813 2861 1897 2888 ram
1917 2861 2026 2888 suam
2045 2848 2174 2886 cubitu

1814 2924 1936 2951 unum
1949 2932 1957 2941 ·
1997 2910 2083 2950 ²⁸Et
2097 2910 2150 2948 'de
2170 2908 2264 2948 indu

2292 333 2372 366 1¹01.
2389 335 2444 368 14.
