2872 3268
608 274 756 317 xxxiv
1265 269 1341 310 IN
1346 269 1422 309 ΤΚ
1430 269 1509 309 OD
1516 269 1591 311 UC
1597 269 1664 309 TI
1665 269 1754 310 ΟΝ
1751 300 1760 310 .

604 388 765 429 Selected
779 388 957 437 readings
976 385 1057 425 and
1063 385 1286 436 renderings
1299 385 1339 423 in
1354 384 1482 424 which
1551 382 1712 424 Selected
1726 383 1904 433 readings
1916 382 1997 421 and
2011 382 2230 432 renderae‘ngs
2242 382 2285 420 in
2296 380 2420 420 which

770 453 789 493 f
803 465 831 505 q
849 453 960 505 dffr
963 452 1082 504 from
1102 451 1188 490 each
1205 451 1320 490 other.
1714 448 1734 488 f
1776 462 1803 501 q
1839 461 1906 488 are
1951 448 2090 499 agreed
2121 448 2279 498 against
2319 447 2421 486 other

604 519 710 572 John
730 520 752 558 i.
1715 514 1922 566 European
1941 518 2053 553 texts.
2115 557 2120 561 ,

634 1061 654 1086 2
661 1061 697 1098 3.
728 1048 780 1086 ait
799 1060 822 1098 q
842 1047 942 1095 Am„
964 1047 1105 1099 quibus
1125 1047 1177 1086 ait
1197 1048 1229 1086 b.

797 1124 805 1134 “
823 1113 891 1164 qui
911 1113 1111 1164 respondit
1130 1127 1165 1162 a,
1187 1112 1388 1164 respondit
1393 1113 1437 1165 f

825 1186 863 1218 et
882 1179 977 1218 dixit
995 1193 1023 1217 e.

635 1259 697 1293 24.
725 1245 831 1284 missi
852 1252 960 1285 erant
979 1258 1004 1284 a
1023 1259 1041 1284 e
1058 1257 1092 1296 q.

823 1311 931 1350 missi
950 1311 1102 1350 fuerant
1122 1311 1143 1350 b
1147 1311 1193 1363 s
1201 1310 1289 1350 Am.

638 1378 701 1417 26.
731 1389 807 1428 ego
828 1377 987 1428 quidem
1006 1376 1028 1415 b
1046 1390 1080 1427 q.

823 1455 901 1494 ego
920 1442 1004 1496 (om.
1025 1441 1202 1495 quidem)
1220 1455 1245 1481 a
1264 1455 1282 1480 e
1284 1442 1330 1494 f
1337 1441 1426 1480 Am.

785 1509 826 1547 in
844 1509 1056 1560 penitentia
1074 1522 1099 1547 a
1118 1505 1235 1562 (-am)
1254 1521 1289 1559 q.

829 1574 1067 1625 penitentiae
1087 1575 1120 1613 b.

825 1653 893 1679 om.
912 1654 930 1679 e
931 1641 977 1691 s
984 1640 1073 1679 Am.

639 1716 700 1756 27.
730 1705 1074 1745 calciamentorum
1094 1719 1112 1743 e
1130 1718 1163 1756 q.

827 1771 1070 1811 calciamenti
1089 1784 1114 1809 a
1137 1770 1207 1822 bf
1215 1769 1304 1808 Am.

637 1850 699 1886 29.
728 1844 884 1888 postera
904 1837 966 1876 die
986 1836 1008 1875 b
1026 1849 1050 1887 q
1072 1833 1170 1890 [and
1183 1849 1224 1874 so
1243 1848 1277 1874 v.
1300 1834 1379 1886 35.)

826 1902 945 1941 altera
964 1902 1025 1941 die
1044 1915 1070 1941 a
1074 1902 1119 1954 f
1126 1902 1215 1940 Am.

825 1968 900 2007 alia
915 1968 976 2007 die
996 1982 1024 2006 e.

785 2034 880 2073 uidit
899 2047 923 2073 a
942 2047 976 2084 q.

826 2100 922 2138 uidit
942 2099 1141 2139 Iohannes
1161 2099 1182 2139 b
1196 2111 1215 2136 e
1216 2099 1262 2150 s
1270 2098 1360 2138 Am.

788 2165 885 2204 dixit
903 2179 937 2216 q.

825 2232 878 2270 ait
895 2244 920 2269 a
939 2231 960 2270 b
979 2230 1044 2281 ef
1052 2230 1139 2269 Am.

638 2309 702 2347 31.
732 2297 820 2336 ideo
843 2310 868 2335 a
886 2309 909 2347 q

827 2369 984 2414 propter
1004 2361 1079 2400 hoc
1098 2362 1130 2400 b.

826 2434 1031 2479 propterea
1050 2440 1067 2464 e
1069 2426 1114 2478 f
1121 2426 1211 2465 Am.

638 2506 700 2544 32.
728 2500 887 2534 testatus
906 2499 964 2532 est
981 2506 998 2530 e
1016 2505 1051 2542 q.

828 2558 1052 2598 testificatus
1071 2564 1129 2597 est
1147 2558 1179 2597 b.

827 2624 1094 2663 testimonium
1108 2622 1301 2675 perhibuit
1316 2635 1341 2662 a
1345 2621 1391 2674 s
1394 2621 1482 2661 Am.

640 2766 701 2803 33.
731 2754 960 2805 ignorabam
978 2768 1003 2793 a
1022 2755 1044 2794 b
1063 2767 1081 2792 e
1098 2767 1122 2805 9
1145 2753 1215 2807 (cf.
1234 2767 1293 2795 νν.
1317 2755 1380 2802 26,
1402 2752 1482 2806 31).

788 2820 1009 2859 nesciebam
1015 2821 1060 2871 f
1063 2820 1098 2858 A
1106 2833 1153 2860 m.

1581 658 1641 685 21.
1670 647 2004 696 interrogauerunt
2023 657 2112 684 eum
2117 644 2163 696 f
2169 656 2193 694 q
2210 643 2299 682 Am.

1769 712 1835 750 int.
1855 723 1945 749 eum
1974 718 2010 754 -Ι-
2037 711 2176 749 iterum
2193 722 2230 748 a.

1972 783 2008 821 -ι-
2023 776 2162 814 iterum
2175 774 2347 814 dicentes
2358 774 2380 812 b
2395 786 2422 811 e.

1582 856 1643 883 22.
1677 842 1856 882 dixerunt
1875 854 1970 893 ergo
1990 842 2024 880 ei
2030 842 2075 893 f
2082 855 2105 892 q
2124 841 2213 879 Am.

1767 914 1805 947 et
1825 907 1898 947 dix.
1919 907 1954 946 ei
1974 907 2036 947 dic
2055 919 2150 958 ergo
2169 920 2205 945 a.

1767 979 1805 1012 et
1825 973 1902 1012 dix.
1923 973 1986 1012 dic
2007 985 2103 1024 ergo
2123 971 2240 1011 nobis
2259 970 2280 1009 b
2299 971 2349 1022 cf.
2369 982 2396 1008 e.

1580 1053 1641 1090 23.
1670 1045 1804 1091 parate
1807 1039 1852 1091 f
1859 1051 1893 1089 q.

1765 1105 1913 1156 dirigite
1932 1118 1956 1143 a
1976 1104 1997 1143 b
2016 1118 2033 1142 e
2051 1104 2139 1142 Am.

1582 1380 1641 1416 26.
1661 1377 1815 1416 nescitis
1818 1377 1864 1428 f
1871 1389 1904 1427 q.

1767 1455 1848 1482 non
1868 1442 1972 1481 scitis
1990 1455 2008 1479 e
2031 1441 2115 1479 Am.

1769 1508 1953 1560 ignoratis
1971 1521 1995 1546 a
2014 1506 2046 1546 b.

1584 2307 1646 2343 31.
1676 2292 1898 2334 nesciebam
1901 2291 1947 2344 f
1953 2304 1978 2342 q
1995 2291 2087 2331 Am.

1772 2358 2004 2410 ignorabam
2023 2371 2048 2396 a
2066 2358 2088 2396 b
2106 2371 2134 2396 e.

1518 2484 1521 2485 ⁷
1584 2504 1647 2541 32.
1671 2489 1972 2530 descendentem
1991 2487 2104 2540 quasi
2123 2487 2346 2528 columbam
2349 2488 2395 2540 f
2401 2501 2425 2539 q

1822 2552 1912 2591 Am.

1768 2625 1970 2669 tamquam
1989 2616 2212 2656 columbam
2233 2615 2337 2655 desc.
2356 2629 2381 2655 a

1772 2684 1869 2723 sicut
1887 2683 2110 2722 columbam
2130 2681 2231 2721 desc.
2250 2681 2283 2721 b.

1769 2757 1812 2790 ut
1835 2749 2059 2789 columbam
2079 2748 2115 2787 d.
2136 2761 2164 2787 e.
