2872 3268
547 233 629 274 104

325 347 408 379 ποι.
424 347 507 380 145.
541 337 727 377 Dicentes
743 358 753 368 ·
796 338 830 376 si
849 337 915 376 dix

539 400 684 439 erimus
704 399 752 438 de
771 399 882 439 caelo

539 462 644 502 dicet
662 463 776 502 nobis
795 475 874 514 qua

538 537 579 562 re
599 537 694 575 ergo
715 536 797 564 non
816 536 882 563 cre

539 586 687 625 didistis
707 587 759 624 illi
776 607 786 617 ·
829 587 842 607 ⁶
855 593 892 625 et
913 586 945 625 si

539 648 750 687 dixerimus
769 661 818 687 ex
838 648 890 687 ho

538 711 709 749 minibus
764 711 876 761 plebs

537 773 719 812 uniuersa
739 773 869 822 lapida

537 835 592 873 bit
612 847 686 874 nos
699 855 708 865 ·
753 834 859 874 Certi

538 903 627 936 sunt
645 897 750 935 enim
769 896 890 935 iohan

537 972 628 998 nem
647 959 838 1010 profetam
857 959 898 998 fu

538 1022 614 1060 isse
632 1043 641 1052 -
685 1021 700 1043 ⁷
712 1028 751 1060 et
769 1034 916 1072 respon

537 1085 678 1123 derunt
697 1096 739 1123 se
759 1084 869 1123 nesci

535 1159 577 1186 re
595 1146 701 1184 unde
758 1146 772 1167 ⁸
785 1147 881 1185 dixit

536 1216 667 1248 autem
688 1209 761 1247 illis
780 1209 840 1248 ihs

535 1284 661 1322 neque
682 1285 758 1322 ego
782 1272 898 1311 uobis

534 1335 623 1374 dico
642 1336 682 1373 in
701 1347 778 1386 qua
798 1341 910 1386 potes

534 1404 611 1436 tate
630 1398 728 1437 haec
748 1398 851 1437 facio
867 1419 876 1429 ·
895 1419 904 1429 ·
919 1419 976 1435 -.-

502 1460 522 1483 *
537 1461 551 1483 ⁹
565 1460 707 1511 Coepit
725 1467 856 1500 autem
875 1461 961 1501 dice

501 1523 520 1546 *
536 1536 578 1563 re
597 1524 647 1562 ad
665 1524 821 1574 plebem

534 1586 636 1625 hanc
655 1586 886 1637 parabolam

533 1674 703 1713 Uineam
722 1674 913 1726 plantauit

532 1737 655 1776 homo
675 1744 714 1775 et
733 1737 878 1776 locauit
897 1744 977 1786 ea-

531 1800 684 1839 colonis
698 1820 707 1830 ·
749 1806 788 1838 et
807 1799 892 1850 ipse
912 1812 962 1850 pe

529 1875 639 1913 regre
658 1862 728 1900 fuit
773 1862 855 1900 mul

530 1926 579 1964 tis
600 1926 839 1976 temporibus
853 1945 862 1956 ·

531 1988 562 2010 ¹⁰
574 1988 625 2027 Et
644 1987 818 2038 quodam
837 1994 972 2039 tempo

531 2064 572 2090 re
620 2052 723 2089 misit
742 2051 792 2089 ad
811 2052 902 2090 colo

532 2125 606 2152 nos
622 2126 777 2152 seruum
796 2120 838 2151 ut

532 2176 580 2214 de
603 2175 729 2214 fructu
751 2176 892 2214 uineae

533 2239 686 2277 daretur
705 2238 758 2276 illi
774 2259 783 2268 ·

532 2301 675 2340 Coloni
694 2307 825 2339 autem
844 2304 961 2339 caesi-i

532 2364 640 2402 illum
660 2363 891 2402 dimiserunt

533 2427 690 2465 inanem
707 2447 717 2457 ·
761 2424 790 2447 11
803 2426 856 2464 Et
874 2425 965 2464 addi

534 2490 590 2528 dit
609 2490 771 2528 alterum
789 2489 897 2526 mitte

533 2564 575 2590 re
595 2563 750 2591 seruum
766 2573 775 2582 ·
819 2551 875 2589 illi

534 2621 665 2652 autem
684 2621 722 2653 et
741 2615 844 2653 hunc
865 2625 945 2664 quo

536 2688 612 2726 que
632 2689 789 2715 caesum
807 2682 845 2715 et
864 2677 948 2715 sine

536 2737 685 2777 honore
705 2739 840 2777 dimise

537 2806 624 2836 runt
643 2800 800 2838 inanem
816 2821 825 2831 ·

537 2859 565 2881 ¹²
579 2861 629 2899 Et
648 2862 792 2901 addidit
809 2863 962 2903 tertium

538 2924 686 2962 mittere
706 2935 859 2963 seruum

1456 218 1615 260 SECD
1630 239 1638 249 ·

1043 336 1103 375 Illi
1123 342 1253 376 autem
1273 341 1311 375 et
1330 335 1433 375 hunc

1043 411 1200 449 quoque
1220 410 1356 438 cesum

1043 462 1270 500 dimiserunt
1289 461 1404 499 inane
1419 481 1428 491 ·

1043 523 1071 545 ¹³
1084 523 1192 562 Dixit
1206 530 1337 562 autem
1358 523 1432 562 dfis
1453 523 1491 561 ui

1043 598 1140 624 neae
1161 586 1254 636 quid
1275 585 1417 624 faciam
1433 605 1442 615 ·

1043 648 1195 686 mittam
1214 647 1336 686 filiurn

1043 722 1176 748 meum
1197 709 1380 748 dilectissi

1043 784 1152 810 mum
1169 793 1178 802 ·
1221 772 1381 810 forsitan

1043 834 1147 872 hunc
1167 835 1400 872 uerebuntur
1415 854 1424 864 ·

1042 896 1071 918 ¹⁴
1085 895 1215 943 Quem
1228 908 1320 935 cum
1331 896 1502 935 uiderent

1042 958 1172 997 coloni
1227 959 1404 1008 cogitaue

1041 1027 1129 1059 runt
1150 1021 1251 1060 intra
1271 1034 1312 1060 se
1332 1022 1372 1060 di

1043 1090 1175 1122 centes
1192 1104 1201 1114 ·
1245 1083 1307 1123 hic
1331 1091 1391 1123 est

1042 1146 1154 1185 heres
1173 1147 1401 1186 occidamus

1041 1208 1147 1247 illum
1167 1215 1205 1248 et
1224 1216 1357 1249 nostra

1041 1272 1111 1310 erit
1130 1271 1321 1311 hereditas

1039 1332 1070 1354 ²⁵
1081 1334 1132 1374 Et
1151 1334 1315 1373 eiectum
1334 1335 1441 1374 illum

1041 1403 1149 1435 extra
1167 1397 1326 1436 uineam
1345 1410 1394 1437 oc

1040 1459 1216 1497 ciderunt
1236 1480 1245 1490 ·
1287 1461 1380 1511 quid

1040 1533 1135 1572 ergo
1155 1521 1267 1561 faciet
1285 1522 1358 1561 dfis
1377 1523 1417 1562 ui

1039 1597 1136 1624 neae
1192 1585 1356 1625 ¹⁶ueniet
1367 1593 1406 1624 et
1425 1598 1493 1637 per

1039 1671 1104 1711 det
1123 1673 1285 1712 colonos
1305 1674 1398 1712 istos

1038 1741 1077 1773 et
1097 1735 1204 1774 dabit
1221 1736 1376 1774 uineam
1395 1736 1477 1776 aliis
1493 1757 1501 1767 ·

1036 1798 1249 1837 Audientes
1269 1806 1400 1837 autem

1038 1861 1217 1899 dixerunt
1271 1862 1371 1901 absit
1383 1883 1441 1890 —

1036 1921 1065 1946 ¹⁷
1078 1923 1168 1974 Ipse
1189 1931 1319 1963 autem
1338 1926 1460 1976 aspici

1036 1998 1106 2025 ens
1126 1999 1195 2025 eos
1215 1988 1288 2026 ait·
1329 1988 1423 2038 quid

1036 2055 1094 2088 est
1113 2061 1207 2100 ergo
1227 2049 1303 2089 hoc
1323 2051 1430 2102 quod

1037 2113 1224 2162 scriptum
1246 2119 1305 2152 est
1360 2114 1398 2153 la

1035 2175 1168 2224 pidem
1187 2187 1306 2225 quem
1325 2189 1366 2214 re

1035 2238 1297 2287 probauerunt
1316 2238 1403 2277 aedi

1036 2299 1196 2338 ficantes
1215 2299 1277 2339 hic
1297 2300 1359 2339 fac

1037 2368 1098 2400 tus
1119 2369 1176 2400 est
1195 2362 1235 2400 in
1255 2369 1374 2413 caput
1399 2375 1451 2401 an

1037 2425 1136 2474 guli·
1151 2423 1324 2464 1⁸Omnis
1338 2426 1404 2476 qui
1417 2426 1499 2465 ceci

1037 2487 1136 2526 derit
1156 2499 1272 2538 supra
1292 2488 1359 2526 illi-1

1037 2549 1205 2600 lapidem
1225 2562 1401 2600 conquas

1038 2613 1182 2651 sabitur
1237 2625 1354 2664 supra

1038 2687 1155 2726 quem
1175 2676 1355 2715 ceciderit
1374 2689 1423 2715 au

1036 2745 1116 2777 tem
1137 2739 1376 2778 comminuet

1036 2801 1143 2839 illurn
1157 2822 1166 2832 ·
1197 2802 1224 2823 ¹⁹
1237 2802 1288 2840 Et
1307 2814 1425 2852 quere

1037 2864 1132 2901 bant
1150 2865 1345 2915 principes
1365 2877 1409 2903 sa

1039 2926 1241 2965 cerdotum
1256 2933 1293 2966 et
1313 2927 1462 2968 scribae

1589 334 1739 374 mittere
1759 335 1799 373 in
1819 335 1928 374 illum

1588 409 1728 436 manus
1747 398 1832 448 ipsa
1851 397 1948 438 hora
1963 419 1973 429 ·

1588 466 1627 497 et
1646 459 1856 498 timuerunt
1874 472 1983 511 popu

1587 521 1667 559 lum
1682 542 1691 551 ·
1734 529 2004 572 cognouerunt

1586 583 1691 622 enim
1712 584 1819 634 quod
1839 585 1887 623 ad
1906 585 2000 625 istos

1587 646 1682 684 dixit
1701 646 1945 687 similitudine

1587 708 1700 747 istam
1716 729 1726 739 ο
1773 708 1803 731 ²⁰
1814 709 1866 748 Et
1886 722 1977 749 cum
1994 723 2036 750 re

1587 771 1772 810 cesissent
1788 792 1797 802 -
1841 773 1913 810 sub

1585 834 1771 873 miserunt
1789 835 1854 885 qui
1874 847 1915 874 se

1585 895 1705 935 iustos
1725 897 1913 936 simulaue

1585 964 1674 997 runt
1727 965 1770 998 ut
1788 959 1908 1010 adpre

1585 1020 1799 1061 henderent
1818 1034 1948 1062 sermo

1585 1095 1654 1121 nes
1674 1084 1756 1122 eius
1775 1091 1814 1122 et
1832 1085 1937 1123 trade

1585 1152 1670 1184 rent
1689 1146 1796 1185 illum
1815 1153 1929 1198 potes

1583 1209 1650 1247 tati
1669 1215 1708 1248 et
1728 1210 1967 1260 magistratui

1582 1272 1747 1322 presidis
1763 1293 1772 1302 ·
1817 1271 1846 1294 ²¹
1857 1272 1910 1311 Et
1928 1273 1969 1311 in

1582 1340 1874 1385 terrogauerunt

1581 1396 1688 1435 illum
1708 1397 1880 1436 dicentes
1895 1419 1951 1426 —

1581 1457 1769 1509 Magister
1789 1460 1934 1500 scimus

1580 1522 1685 1571 quod
1704 1529 1808 1562 recte
1827 1523 1922 1562 dicis

1578 1590 1617 1622 et
1636 1584 1755 1623 doces
1773 1607 1781 1616 ·
1839 1592 1879 1624 et
1898 1597 1981 1624 non
2001 1598 2047 1626 ac

1579 1672 1674 1722 cipis
1694 1685 1900 1723 personam
1914 1694 1924 1704 -

1579 1735 1647 1773 sed
1666 1735 1706 1773 in
1725 1736 1883 1774 ueritate
1902 1736 1999 1775 uia-

1579 1797 1617 1835 di
1636 1798 1755 1837 doces
1769 1819 1777 1828 ·
1822 1796 1951 1838 ²²licet
1970 1811 2023 1839 no

1577 1860 1635 1898 bis
1654 1861 1837 1900 tributum
1855 1861 1937 1900 dari

1576 1923 1698 1961 cesari
1753 1930 1820 1962 aut
1839 1936 1960 1963 non-

1573 1984 1603 2006 ²³
1619 1985 1881 2025 Considerans
1902 1990 1991 2026 aute

1573 2049 1633 2087 ihs
1654 2049 1787 2087 dolum
1806 2050 1959 2088 illoru--

1574 2112 1670 2150 dixit
1690 2112 1739 2150 ad
1758 2124 1826 2151 eos
1878 2113 1972 2164 quid

1574 2186 1639 2213 me
1658 2175 1824 2213 temtatis
1838 2196 1847 2205 ·
1888 2174 1917 2196 ²⁴
1931 2182 2044 2215 osten

1574 2236 1652 2275 dite
1671 2237 1766 2275 mihi
1785 2237 1987 2276 denariu''·

1574 2300 1681 2338 cuius
1701 2299 1816 2338 habet
1834 2301 1953 2352 imagi

1573 2374 1665 2400 nem
1720 2369 1758 2401 et
1777 2363 1950 2414 inscripti

1573 2436 1691 2462 onem
1707 2445 1716 2454 ·
1758 2424 1921 2476 Respon

1573 2487 1708 2526 dentes
1729 2487 1907 2526 dixerunt

1573 2551 1761 2589 caesaris·
1805 2549 1896 2590 ²⁵ait
1915 2551 1986 2590 illis

1573 2613 1720 2651 reddite
1739 2626 1839 2664 quae
1860 2620 1949 2652 sunt

1573 2677 1739 2715 caesaris
1758 2677 1904 2715 caesari
1921 2698 1930 2708 -

1572 2745 1610 2777 et
1629 2751 1729 2789 quae
1750 2739 1789 2778 di
1807 2745 1897 2778 sunt
1916 2739 1967 2779 do
1986 2760 2015 2769 -·

1571 2799 1601 2822 ²⁶
1613 2801 1665 2840 Et
1685 2814 1765 2840 non
1783 2809 1992 2852 potuerunt

1572 2866 1737 2903 uerbum
1756 2865 1839 2904 eius
1857 2878 1967 2917 repre

1572 2926 1742 2967 hendere
1761 2940 1892 2968 coram
1912 2928 2026 2979 plebe

2337 227 2431 271 [XX-
2448 239 2554 273 5-34·

2087 335 2138 375 Et
2158 337 2285 376 mirati
2304 338 2344 377 in
2363 351 2508 391 respon
2572 344 2754 378 rot-140.

2087 410 2132 437 so
2153 399 2235 438 eius
2256 404 2459 441 tacuerunt

2084 458 2113 482 ²⁷
2125 461 2388 502 Accesserunt
2404 468 2496 505 aute

2085 523 2135 562 ad
2156 536 2246 562 eum
2265 525 2427 575 quidam

2085 587 2369 626 sadduceorum
2389 590 2454 640 qui

2083 656 2229 699 negant
2247 662 2332 689 esse
2353 663 2462 691 resur

2082 712 2295 750 rectionem
2312 733 2320 743 ·
2364 713 2416 752 Et
2434 714 2474 753 in

2083 779 2377 824 terrogauerunt

2082 836 2189 875 illum
2218 835 2246 858 ²⁸
2259 837 2432 878 dicentes
2447 859 2456 870 ·

2083 898 2269 950 Magister
2324 913 2480 952 moyses

2083 962 2234 1012 scripsit
2253 963 2367 1002 nobis

2084 1022 2123 1061 Si
2141 1023 2255 1063 frater
2273 1025 2433 1065 alicuius

2080 1092 2255 1125 mortuus
2274 1087 2387 1127 fuerit

2080 1147 2229 1187 habens
2248 1162 2414 1189 uxorem

2079 1210 2131 1248 Et
2150 1211 2212 1250 hic
2233 1212 2315 1251 sine
2335 1213 2421 1252 filiis
2439 1213 2480 1253 fu

2080 1274 2151 1311 erit
2201 1281 2243 1312 ut
2262 1275 2427 1326 accipiat

2079 1348 2168 1374 eam
2187 1336 2302 1375 frater
2321 1338 2402 1377 eius

2078 1410 2240 1437 uxorem
2260 1406 2299 1438 et
2319 1401 2423 1439 susci

2084 1466 2138 1499 tet
2152 1473 2287 1500 semen
2307 1462 2410 1501 fratri

2083 1535 2154 1563 suo
2170 1544 2179 1554 ·
2197 1544 2206 1554 ·
2249 1525 2279 1547 ²⁹
2295 1525 2455 1576 Septem

2081 1585 2213 1626 fratres
2231 1594 2341 1626 erant

2081 1675 2184 1725 apud
2204 1687 2277 1714 nos
2293 1696 2302 1706 ·
2332 1682 2370 1716 et
2389 1677 2449 1727 pri

2080 1749 2167 1776 mus
2190 1739 2340 1790 accepit
2359 1752 2440 1779 uxo

2080 1813 2165 1839 rem
2184 1807 2222 1840 et
2240 1809 2416 1841 mortuus

2080 1871 2139 1901 est
2157 1863 2239 1902 sine
2259 1864 2338 1903 filio
2353 1885 2363 1895 ·
2393 1864 2423 1887 ³⁰
2432 1865 2485 1906 Et
2504 1878 2548 1906 se

2081 1937 2204 1976 quens
2224 1927 2375 1977 accepit
2392 1927 2457 1966 1115.

2080 1995 2118 2026 et
2137 1988 2197 2026 ille
2216 1995 2390 2028 mortuus
2410 1997 2470 2030 est

2080 2050 2162 2089 sine
2182 2051 2260 2090 filio
2277 2072 2287 2081 ·
2334 2050 2363 2072 ⁸¹
2377 2052 2430 2091 Et
2449 2059 2506 2092 ter

2078 2113 2152 2151 tius
2171 2114 2321 2164 accepit
2337 2114 2482 2154 illam-

2079 2176 2250 2215 similiter
2267 2183 2305 2215 et
2324 2189 2391 2216 om

2078 2250 2148 2276 nes
2167 2245 2318 2289 septem
2336 2252 2417 2279 non
2435 2252 2478 2279 re

2076 2300 2270 2352 liquerunt
2289 2301 2389 2340 filios
2409 2322 2438 2331 -

2077 2370 2115 2402 et
2135 2364 2273 2403 mortui
2293 2370 2381 2402 sunt
2396 2384 2406 2394 ·

2075 2424 2105 2446 ³²
2117 2426 2155 2464 N
2157 2426 2363 2465 ouissimae
2383 2433 2512 2467 autem

2075 2489 2252 2527 omnium
2270 2496 2424 2528 mortua

2075 2558 2134 2590 est
2153 2558 2190 2590 et
2209 2552 2345 2591 mulier
2358 2573 2368 2583 ·
2408 2552 2498 2593 311Ιιι

2075 2615 2358 2653 resurrectione

2075 2690 2168 2727 ergo
2188 2678 2296 2716 cuius
2315 2682 2412 2717 eorii

2075 2741 2145 2778 erit
2163 2752 2262 2779 uxor
2274 2761 2283 2770 ·
2326 2744 2433 2790 septe

2073 2803 2179 2841 enim
2198 2802 2415 2841 habuerunt

2072 2866 2178 2904 illam
2195 2877 2359 2904 uxorem
2375 2885 2383 2894 ·
2400 2885 2410 2896 ·
2422 2886 2479 2895 —

2073 2929 2102 2950 ²³⁴
2115 2927 2374 2979 Respondens
2393 2927 2491 2967 dixit
