2872 3268
285 195 346 229 XI.
360 196 512 236 33-X11.
533 192 603 237 25·]

88 315 170 350 ποι.
185 316 268 348 188.
287 304 376 344 dico
396 305 437 343 in
457 317 534 356 qua
553 310 666 355 potes

284 373 363 406 tate
383 367 480 406 haec
500 367 601 406 facio
619 388 627 398 ·
643 389 671 395 -

1191 188 1418 228 MARC··

788 303 850 343 hic
871 310 928 343 est
948 304 1081 344 heres·
1123 306 1214 344 ueni

787 373 825 405 te
844 367 1068 406 occidamus
1088 380 1178 406 eum

285 429 554 480 12.¹Etcoepit
566 429 637 468 illis
650 430 690 467 in
703 441 755 480 pa
788 435 826 468 et
845 436 978 469 nostra
998 431 1064 469 erit
1084 431 1176 470 here

287 492 432 531 rabolis
450 492 557 542 loqui
579 513 586 522 ·

285 554 455 593 Uineam
473 555 606 605 planta

284 617 343 656 uit
361 617 484 655 homo
504 617 555 655 Et
575 616 680 655 circfi

284 679 392 719 dedit
410 691 545 730 sepem
565 679 616 718 Et

284 742 382 781 fodit
401 742 532 781 locum
552 742 603 780 Et
623 754 669 781 ae

283 804 453 843 dificauit
466 808 566 843 turre

285 873 324 907 et
342 867 496 906 tradidit
515 879 602 906 eam
622 880 670 906 co

285 930 386 969 lonis
403 951 412 961 ·
460 930 512 968 Et
533 943 695 981 peregre

285 993 483 1044 profectus
503 999 561 1031 est
577 1014 586 1023 ·

284 1053 300 1076 ²
312 1055 364 1094 Et
381 1056 485 1094 misit
504 1055 555 1094 ad
575 1055 740 1094 colonos

284 1117 326 1156 in
343 1123 521 1169 tempore
542 1130 603 1156 ser

283 1192 379 1219 uum
397 1186 440 1218 ut
459 1180 584 1219 fructi-1

284 1255 334 1282 ex
352 1243 491 1282 uineae
512 1243 663 1282 daretur

284 1306 343 1345 ei·
394 1305 408 1327 ³
421 1305 472 1344 Et
491 1306 689 1357 adprehen

284 1380 372 1408 sum
391 1380 481 1407 eum
501 1368 634 1407 cecide

283 1437 374 1470 runt
392 1437 430 1469 et
450 1431 587 1469 dimise

283 1499 372 1532 runt
390 1504 559 1532 uacuum

285 1580 300 1602 ⁴
312 1586 351 1619 et
369 1580 507 1619 iterum
526 1580 631 1619 misit
650 1580 700 1619 ad

286 1642 372 1682 illos
391 1643 508 1681 alium
530 1648 645 1682 serui-1
659 1664 668 1674 ·

286 1712 326 1745 et
344 1705 451 1744 illum
471 1705 694 1745 ceciderunt

287 1774 326 1807 et
345 1768 578 1807 contumelia
597 1768 686 1807 adse

288 1837 424 1870 cerunt
438 1852 448 1861 ·
463 1851 472 1861 ·
487 1851 497 1862 ο
526 1830 542 1852 ⁸⁵
556 1831 608 1869 Et
627 1832 726 1870 iteri-1

288 1891 405 1932 alium
420 1894 525 1932 misit
543 1899 658 1933 serui-1

288 1962 328 1995 et
346 1956 452 1995 illum
468 1956 690 1996 ceciderunt

288 2025 327 2058 et
344 2019 472 2070 plures
492 2019 589 2059 alios
609 2032 710 2071 quos

288 2081 379 2121 dam
399 2082 620 2121 ceciderunt
635 2103 644 2113 ·

287 2151 327 2183 et
345 2145 537 2195 quosdam
557 2146 655 2184 inter

288 2206 480 2246 fecerunt·
499 2229 507 2238 ·
525 2229 534 2239 ·
565 2207 733 2247 “Adhuc

289 2282 383 2320 ergo
404 2282 494 2309 cum
513 2270 675 2310 haberet

288 2331 410 2371 filium
428 2332 587 2372 unicum
609 2333 647 2371 di

287 2394 430 2433 lectum
448 2416 456 2424 ·
515 2394 553 2433 et
572 2395 692 2434 filium

287 2456 393 2494 misit
410 2457 668 2495 nouissimu-·

290 2518 424 2557 dicens
440 2539 450 2548 ·
505 2519 637 2568 utique
657 2519 683 2557 fi

289 2579 384 2618 lium
403 2591 535 2618 meum
554 2592 644 2618 reue

289 2643 523 2681 rebuntur.·.
559 2642 676 2681 ⁷colo

289 2704 329 2742 ni
348 2710 477 2743 autem
498 2704 570 2742 illi·
619 2705 706 2744 dixe

289 2773 377 2805 runt
396 2767 447 2806 ad
466 2767 634 2806 inuicem

788 491 886 530 ditas
900 513 908 522 ·
958 492 972 513 ⁸
984 504 1102 544 quem
1122 493 1172 531 ad

787 554 1023 605 prehensum
1042 556 1178 595 occide

787 623 876 654 runt
895 629 987 655 eum
1003 639 1011 647 -
1059 624 1098 656 et
1116 631 1187 669 pro

787 678 959 718 iecerunt
978 692 1069 718 eum
1088 687 1197 719 extra

787 742 944 780 uincam
958 762 967 772 ·
1010 742 1024 764 ⁹
1039 743 1132 792 quid
1151 756 1245 794 ergo

788 803 901 844 faciet
920 804 993 843 dfis
1012 805 1149 844 uineae
1163 826 1172 836 ·

786 867 916 905 ueniet
935 873 973 905 et
993 867 1126 917 perdet

789 929 954 968 colonos
975 936 1012 967 et
1032 930 1138 968 dabit
1156 930 1196 968 ui

790 1003 907 1030 neam
926 991 1008 1030 aliis
1021 1013 1030 1022 ·
1087 991 1117 1013 ¹⁰
1129 992 1215 1032 Nec

790 1054 1018 1104 scripturam
1033 1054 1135 1093 hanc

787 1116 934 1167 legistis
988 1117 1156 1168 lapidem

791 1191 910 1230 quem
929 1181 1144 1230 reprobaue

790 1248 879 1280 runt
899 1242 1146 1281 aedificantes

790 1304 853 1342 hic
874 1303 997 1343 factus
1017 1311 1074 1343 est
1094 1305 1134 1343 in
1155 1317 1201 1344 ca

790 1373 860 1417 put
880 1367 1011 1418 anguli
1025 1388 1033 1398 ·
1083 1368 1110 1389 11
1122 1381 1146 1407 a
1165 1369 1244 1407 dfio

789 1428 912 1467 factus
932 1436 990 1468 est
1009 1430 1103 1469 istae

790 1498 828 1530 et
847 1498 905 1530 est
924 1492 1108 1531 mirabilis
1126 1493 1166 1531 in

792 1579 915 1617 oculis
934 1581 1075 1620 nostris
1089 1603 1096 1611 ·
1110 1603 1166 1609 —

790 1639 818 1661 1²
829 1641 880 1680 Et
899 1643 1137 1692 quaerebant
1155 1656 1246 1683 eum

788 1710 919 1743 tenere
939 1711 978 1743 et
998 1706 1115 1745 timue

789 1773 878 1804 runt
898 1768 1050 1806 turbam
1063 1790 1071 1799 ·

790 1837 1056 1880 cognouerunt

789 1893 895 1931 enim
916 1897 1011 1943 qum
1031 1893 1080 1932 ad
1099 1894 1184 1933 illos

788 1955 1016 2006 parabolam
1036 1956 1130 1995 dixit
1145 1978 1155 1987 ·

790 2017 870 2065 Qui
888 2018 1021 2057 relicto
1041 2031 1090 2058 eo
1111 2019 1202 2058 habi

789 2087 899 2119 erunt
916 2102 924 2111 ·
973 2080 1002 2102 ¹⁸
1015 2088 1053 2120 et
1071 2082 1226 2120 mittunt

789 2143 982 2193 quosdam
1001 2156 1048 2183 ex
1069 2145 1148 2195 pha

789 2206 897 2245 riseis
955 2212 992 2245 et
1011 2206 1148 2245 herodi

791 2269 875 2307 anis
894 2275 936 2306 ut
954 2281 1044 2307 eum
1064 2281 1138 2320 cap

790 2337 915 2369 tarent
932 2332 1055 2370 uerbo
1067 2355 1122 2359 —

789 2391 819 2414 ¹4
832 2393 884 2431 Et
902 2394 953 2431 illi
971 2394 1174 2433 uenientes

791 2456 1126 2506 interrogauerunt

791 2530 881 2556 eum
901 2518 1062 2557 subdole
1075 2540 1083 2549 ·

793 2578 982 2629 Magister
1002 2580 1145 2619 scimus

792 2641 884 2691 quia
902 2654 1020 2680 uerax
1040 2654 1082 2680 es
1098 2664 1107 2673 ·

792 2709 830 2742 et
849 2703 897 2742 de
916 2704 1022 2743 nullo
1041 2704 1109 2743 tibi
1129 2717 1178 2742 cu

792 2777 834 2804 ra
853 2771 936 2804 est·
991 2778 1066 2805 nec
1085 2766 1188 2805 enirn

1323 306 1483 357 respicis
1503 305 1542 344 in
1562 313 1626 357 per

1325 381 1443 408 sonas
1462 369 1573 408 homi

1323 443 1418 469 num
1438 431 1507 470 sed
1526 432 1567 470 in
1586 444 1635 471 ue

1323 494 1430 532 ritate
1450 494 1555 532 uiam
1575 494 1614 532 di

1324 556 1443 595 doces
1457 577 1465 586 -
1513 556 1588 595 Dic
1604 569 1645 596 er

1323 630 1375 669 go
1397 619 1510 657 nobis
1530 619 1561 657 si
1580 619 1668 658 licet

1324 681 1508 719 tributum
1527 682 1608 720 dari
1627 695 1672 722 ce

1325 745 1400 781 sari
1456 744 1591 782 demus
1611 751 1676 783 aut

1325 819 1406 845 non
1426 806 1562 845 demus
1576 828 1585 837 ·
1625 806 1654 828 ¹⁵
1666 807 1718 846 At

1325 869 1383 907 ihs
1403 881 1493 907 cum
1511 869 1670 909 uidisset

1324 931 1512 970 uersutias
1531 932 1596 970 illo

1325 1006 1411 1032 rum
1458 995 1510 1032 ait
1529 994 1602 1033 illis

1325 1055 1418 1107 quid
1437 1068 1500 1094 me
1520 1062 1638 1095 temta

1326 1119 1374 1158 tis
1394 1119 1618 1169 hypocritae
1635 1136 1643 1146 ·

1326 1180 1468 1220 adferte
1489 1181 1583 1219 mihi
1603 1181 1651 1220 de

1327 1243 1476 1282 narium
1496 1249 1538 1281 ut
1557 1243 1670 1283 uidea

1325 1304 1354 1326 ¹⁶
1366 1312 1404 1343 at
1423 1306 1476 1343 illi
1496 1306 1700 1345 attulerunt
1712 1326 1721 1336 ·

1321 1369 1372 1408 Et
1392 1369 1444 1406 ait
1463 1368 1535 1406 illis
1591 1369 1699 1408 cuius

1323 1438 1381 1470 est
1400 1431 1532 1481 imago
1553 1431 1651 1470 haec

1321 1500 1360 1533 et
1374 1494 1572 1545 inscriptio

1322 1582 1454 1621 dicunt
1472 1581 1507 1620 ei
1526 1594 1596 1620 cae

1322 1644 1416 1683 saris
1433 1665 1441 1674 ·
1485 1643 1514 1665 ²⁷
1527 1643 1691 1693 Respon

1322 1707 1418 1745 dens
1439 1712 1568 1745 autem
1588 1706 1647 1745 ihs

1322 1769 1417 1807 dixit
1436 1769 1508 1807 illis
1525 1786 1533 1795 ·
1562 1768 1669 1807 reddi

1322 1838 1358 1870 te
1378 1844 1472 1882 ergo
1493 1843 1592 1882 quae
1613 1837 1703 1870 sunt

1321 1895 1486 1933 caesaris
1506 1894 1650 1933 caesari
1663 1914 1717 1922 —

1320 1963 1359 1995 et
1379 1968 1476 2008 quae
1497 1963 1587 1995 sunt
1606 1956 1645 1995 di
1663 1956 1715 1994 do

1319 2026 1358 2058 et
1377 2020 1616 2057 mirabantur
1635 2031 1680 2057 su

1319 2095 1388 2132 per
1406 2093 1517 2120 eum·
1537 2103 1545 2112 ·
1564 2103 1572 2112 ·
1593 2079 1622 2103 ¹⁸
1633 2081 1684 2120 Et
1703 2094 1751 2120 ue

1320 2150 1457 2182 nerunt
1477 2144 1526 2182 ad
1545 2156 1635 2183 eum
1655 2145 1725 2183 sad

1321 2207 1458 2246 ducaei
1477 2207 1543 2257 qui
1563 2207 1695 2246 dicunt

1320 2270 1641 2308 resurrectionem

1324 2345 1407 2371 non
1426 2341 1512 2376 esse
1528 2353 1537 2363 ·
1585 2332 1636 2371 Et
1654 2332 1695 2371 in

1322 2395 1569 2445 terrogabant
1588 2402 1670 2432 eu-

1324 2457 1496 2496 dicentes
1514 2475 1522 2484 ·
1571 2457 1599 2479 ¹⁹
1611 2457 1737 2508 magis

1323 2525 1378 2558 ter
1432 2531 1586 2570 moyses
1607 2520 1709 2569 scrip

1325 2582 1372 2619 sit
1391 2582 1504 2620 nobis
1560 2581 1667 2631 quod
1687 2581 1718 2620 si

1323 2643 1483 2682 alicuius
1502 2643 1615 2682 frater

1324 2711 1498 2743 mortuus
1517 2704 1628 2743 fuerit

1348 2772 1362 2804 t
1381 2766 1556 2806 habuerit
1575 2771 1696 2807 uxore

2211 201 2290 243 129

1823 311 1862 344 et
1881 304 1980 345 filios
1999 317 2082 346 non

1823 367 2016 419 reliquerit
2030 390 2038 399 ·

1824 429 1878 469 Ut
1895 431 2060 481 accipiat
2078 431 2192 471 frater

1823 493 1905 531 eius
1924 505 2088 532 uxorem
2106 494 2188 533 eius

1823 561 1862 593 et
1880 556 2075 595 resuscitet
2095 564 2223 595 semen

1825 617 1928 656 fratri
1948 630 2019 657 suo
2034 640 2042 650 ·
2084 617 2114 640 ²⁰
2129 619 2212 658 Fue

1824 686 1913 718 runt
1933 680 2037 730 apud
2056 693 2130 721 nos
2150 694 2220 733 sep

1825 748 1905 780 tem
1923 741 2058 782 fratres
2114 750 2152 783 et
2170 745 2229 794 pri

1826 816 1913 843 mus
1933 805 2082 856 accepit
2100 809 2220 845 uxore

1825 873 1863 904 et
1882 873 2056 907 mortuus
2076 874 2134 907 est
2152 880 2234 907 non

1826 928 1959 967 relicto
1979 930 2126 968 semine
2142 951 2151 961 ·

1826 989 1854 1012 ²¹
1867 990 1918 1029 Et
1933 992 2125 1031 secundus
2144 993 2295 1044 accepit

1826 1065 1914 1092 eam
1932 1059 1970 1092 et
1989 1057 2163 1094 mortuus

1826 1121 1885 1154 est
1939 1122 1978 1154 et
1996 1128 2069 1155 nec
2088 1117 2148 1156 ille
2168 1130 2208 1156 re

1826 1177 1936 1228 liquit
1955 1190 2088 1217 semen
2105 1199 2113 1209 ·
2160 1179 2212 1219 Et

1827 1240 1957 1278 tertius
1978 1241 2148 1280 similiter

1826 1300 1855 1322 ²²
1865 1302 1916 1340 Et
1935 1310 2167 1354 acceperunt
2186 1316 2276 1343 eam

1826 1371 1974 1415 septem
1988 1387 1996 1396 ·
2054 1367 2170 1406 nouis

1826 1428 1921 1466 sime
1941 1435 2071 1467 autem
2090 1441 2158 1468 om

1824 1489 1933 1527 nium
1953 1497 2106 1530 mortua

1824 1583 1882 1616 est
1901 1584 1938 1616 et
1957 1578 2093 1617 mulier
2109 1600 2117 1609 -

1823 1637 1915 1678 211Ιῐι
1938 1641 2167 1680 resurrectio

1823 1714 1872 1740 ne
1887 1723 1896 1732 ·
1945 1714 2035 1741 cum
2054 1715 2094 1741 re

1823 1770 1981 1814 surgent
2001 1765 2110 1803 cuius

1823 1826 1976 1864 illorum
1995 1827 2065 1864 erit
2085 1839 2137 1865 ux

1823 1900 1867 1927 or
1883 1910 1891 1918 ·
1937 1894 2085 1939 septem
2104 1894 2169 1928 eni

1823 1950 2038 1990 habuerunt
2066 1952 2129 1990 illa

1823 2025 1985 2052 uxorem
1997 2034 2006 2044 ·
2049 2012 2079 2036 ²⁴
2090 2014 2141 2053 Et
2160 2027 2200 2054 re

1806 2075 2003 2126 spondens
2023 2076 2082 2114 ihs
2101 2077 2154 2115 ait

1822 2137 1896 2176 illis
1912 2159 1920 2168 ·
1969 2150 2050 2177 non
2069 2138 2157 2178 ideo

1826 2201 1958 2240 erratis
1978 2201 2146 2251 ignoran

1827 2269 1884 2302 tes
1904 2263 2111 2313 scripturas

1826 2332 1863 2364 et
1881 2326 2062 2366 uirtutem
2082 2326 2121 2364 di
2136 2347 2144 2356 ·

1826 2386 1855 2409 ²⁵
1868 2387 1968 2426 Cum
1987 2388 2091 2426 enim
2111 2400 2134 2427 a
2154 2400 2241 2427 mor

1826 2451 1901 2489 tuis
1920 2462 2095 2489 resurrex

1825 2513 1924 2551 erint
1980 2524 2131 2563 nequae

1825 2576 1975 2616 nubunt
2021 2588 2147 2626 neque

1825 2638 2018 2676 nubentur
2031 2658 2040 2668 ·
2097 2637 2167 2677 sed

1826 2706 1916 2738 sunt
1935 2699 2033 2738 sicut
2052 2711 2155 2750 ange

1825 2760 1850 2799 li
1869 2761 1910 2799 in
1929 2761 2044 2802 caelis
2057 2783 2067 2793 ·

2044 2837 2063 2863 s

2309 309 2392 342 1³01.
2407 309 2488 341 189.
