2872 3268
600 221 653 265 82

387 341 471 375 Pol.
486 343 564 375 101.
595 337 687 388 quia
705 337 878 377 esurietis
898 358 907 370 ·

595 398 682 438 Uae
702 400 815 439 uobis
834 400 900 450 qui

593 462 725 501 ridetis
745 475 849 501 nunc
896 464 988 514 quia

592 524 772 575 lugebitis
791 531 829 564 et
846 525 985 564 flebitis
1002 546 1011 556 ·

1505 226 1665 268 SECD
1681 249 1690 258 ·

1098 340 1258 389 speratis
1277 351 1350 378 uos
1369 352 1411 378 re

1097 402 1224 452 cipere
1263 414 1364 452 quae
1383 415 1452 452 gra

1094 464 1146 502 tia
1166 470 1224 502 est
1242 465 1355 503 uobis
1371 485 1380 494 ·
1422 472 1497 503 n0n

1093 538 1142 564 ne
1161 533 1199 565 et
1219 533 1440 577 peccatores

593 587 808 626 ”Uaecum
821 600 892 626 uos
905 588 1073 627 benedix
1092 589 1364 639 peccatoribus
1384 589 1422 629 fe

593 651 712 689 serint
731 663 868 690 omnes
886 651 993 689 homi

592 725 686 752 nes·
727 713 950 751 Secundum

593 774 690 813 haec
711 776 853 814 facient
872 782 909 813 et
929 787 1025 825 speo

592 837 804 888 doprosetis
825 845 952 888 patres

591 913 725 939 eorum
739 921 748 930 ·
782 899 811 922 ²⁷
825 900 903 939 Sed
921 912 974 939 uo

591 963 650 1001 bis
670 963 758 1001 dico
777 963 843 1014 qui
863 963 953 1001 audi

588 1026 636 1063 tis
710 1025 857 1076 diligite
875 1026 986 1064 inimi

589 1100 657 1127 cos
676 1095 825 1128 uestros
842 1109 851 1119 ·
892 1089 1001 1128 Bene

587 1150 701 1189 facite
721 1151 780 1190 his
800 1151 866 1202 qui
884 1163 958 1190 uos

587 1212 752 1252 oderunt
768 1234 777 1244 ·
816 1213 844 1235 ²⁸
859 1214 968 1253 Bene
984 1204 1041 1255 Sei

585 1275 700 1315 dicite
725 1276 942 1315 maledicen
975 1258 1044 1326 3Ῐῇ

583 1345 642 1377 tes
661 1350 733 1377 uos
747 1359 756 1369 ·
805 1338 924 1378 Orate
944 1347 1009 1390 pr0

583 1401 909 1441 calumniantibus

583 1474 679 1502 uos·
709 1464 738 1486 ²⁹
751 1464 800 1503 Et
819 1465 887 1516 qui
905 1472 943 1504 te
962 1478 1032 1517 per

583 1527 745 1566 eusserit
764 1527 804 1565 in
823 1540 915 1573 max

582 1588 707 1627 sillam
725 1590 844 1640 prebe
865 1590 900 1629 ei

582 1683 620 1716 et
639 1677 797 1716 alteram
811 1699 820 1708 ·
850 1678 901 1717 Et
920 1683 970 1718 esi

581 1740 648 1791 qui
668 1740 791 1779 aufert
810 1741 879 1780 tibi
897 1748 939 1785 tu

1091 657 1228 689 nerant
1246 658 1288 690 ut
1306 653 1385 691 reci

1091 714 1199 764 piant
1213 735 1221 744 ·
1252 715 1281 736 ³⁵
1293 714 1443 754 Uerum

1090 783 1222 816 tamen
1241 784 1368 817 amate
1383 779 1438 816 ini

1090 841 1215 879 micos
1234 847 1383 880 uestros
1398 862 1408 872 ·

1090 909 1127 941 et
1147 903 1363 943 benefacite
1383 904 1434 942 Et

1088 971 1268 1003 mutuum
1288 967 1376 1006 date
1390 987 1400 997 ·

1088 1027 1182 1066 nihil
1202 1028 1393 1079 desperan

1087 1095 1145 1129 tes
1174 1097 1212 1130 et
1232 1092 1304 1130 erit
1323 1104 1475 1131 merces

1087 1159 1216 1192 uestra
1234 1154 1356 1193 multa
1369 1175 1378 1185 ·
1422 1154 1473 1193 Et

1087 1216 1190 1255 eritis
1210 1216 1263 1254 fili
1283 1217 1403 1256 altissi

1086 1279 1139 1316 mi
1156 1300 1164 1309 ·
1208 1279 1300 1330 quia
1318 1280 1403 1330 ipse
1422 1292 1468 1319 su

1085 1342 1167 1380 auis
1186 1348 1244 1381 est
1258 1363 1267 1373 ·
1310 1354 1427 1394 super
1447 1343 1487 1382 in

1083 1411 1215 1454 gratos
1235 1411 1274 1443 et
1291 1405 1417 1445 malos
1433 1426 1442 1436 ·

1083 1467 1112 1488 ⁸⁶
1126 1474 1249 1506 estote
1269 1468 1470 1507 misericor

1084 1529 1153 1569 des
1173 1531 1272 1569 sicut
1291 1537 1328 1569 et
1347 1537 1458 1581 pater

1082 1598 1210 1632 uester
1223 1593 1443 1632 misericors

1082 1686 1140 1719 est
1154 1701 1163 1711 ·
1211 1686 1250 1719 et
1268 1681 1368 1719 mise

1110 1761 1164 1776 ses
1175 1749 1278 1781 retur
1304 1760 1371 1777 nes

581 1803 711 1842 nicam
731 1810 838 1842 tuam
871 1804 922 1842 Et
943 1816 994 1855 pa
1039 1803 1059 1826 *
1074 1803 1103 1827 ³⁷
1115 1805 1246 1845 Nolite
1265 1806 1437 1844 iudicare

581 1864 684 1904 leum
704 1867 785 1905 noli
804 1867 970 1917 prohibe
1039 1866 1059 1889 *
1075 1874 1113 1907 et
1133 1868 1181 1907 de
1200 1869 1315 1907 uobis
1338 1881 1421 1907 non
1440 1869 1480 1907 iu

578 1940 620 1966 re
634 1949 642 1958 ·
672 1928 701 1950 ³¹
713 1928 763 1967 Et
777 1935 893 1979 prout
911 1929 978 1968 uul

581 1990 628 2029 tis
647 1998 689 2029 ut
709 1991 853 2030 faciant
871 2004 923 2031 uo

578 2053 638 2092 bis
657 2053 836 2093 homines
852 2075 861 2085 ·
905 2054 979 2094 faci

576 2121 614 2154 te
634 2115 706 2154 illis
725 2128 799 2155 uos
818 2117 934 2156 simili

577 2185 635 2216 ter
648 2199 657 2208 ·
686 2177 716 2199 ⁸²
727 2179 777 2216 Et
797 2180 829 2216 si
848 2179 1005 2229 diligitis

575 2253 645 2280 eos
664 2241 732 2292 qui
751 2253 823 2280 uos
836 2241 1001 2291 diligunt
1019 2263 1028 2273 ·

574 2316 675 2354 quae
694 2304 808 2343 uobis
828 2304 952 2354 gratia

572 2379 667 2405 nam
685 2373 724 2405 et
743 2373 969 2417 peccatores

572 2429 778 2479 diligentes
798 2442 840 2468 se
856 2429 922 2468 dili

571 2499 669 2542 gunt
683 2513 693 2523 ·
722 2493 751 2514 33
765 2492 817 2531 Et
836 2493 869 2531 si
887 2493 990 2532 bene

572 2554 737 2594 feceritis
757 2554 817 2593 his
837 2555 903 2606 qui

571 2618 686 2656 uobis
705 2618 956 2656 benefaciunt

571 2691 670 2729 quae
689 2681 800 2719 uobis
819 2680 943 2730 gratia

573 2747 630 2778 est
646 2762 654 2771 ·
699 2754 791 2779 nam
810 2748 848 2781 et
867 2753 989 2792 pecca

571 2810 673 2841 tores
692 2803 790 2842 haec
808 2804 953 2845 faciunt
970 2826 979 2836 ·

1081 1930 1270 1970 dicabitur
1288 1952 1297 1962 ·
1346 1931 1465 1970 nolite

1080 1994 1342 2033 condemnare
1390 2000 1428 2033 et
1447 2006 1529 2033 non

1079 2056 1398 2095 condemnamini
1412 2078 1421 2087 ·
1466 2057 1506 2096 di

1078 2119 1215 2157 mittite
1261 2125 1301 2158 et
1321 2119 1527 2158 dimittemi

1076 2181 1116 2219 ni
1133 2202 1142 2211 ·
1172 2180 1200 2202 ³⁸
1213 2181 1302 2220 date
1321 2188 1359 2220 et
1379 2182 1532 2220 dabitur

1076 2244 1189 2282 uobis
1206 2264 1215 2274 ·
1256 2256 1480 2283 mensuram

1075 2306 1223 2344 bonam
1243 2306 1459 2345 confertam

1076 2375 1316 2407 commotam
1335 2381 1451 2419 super

1075 2431 1286 2469 efluentem
1306 2431 1455 2469 dabunt

1074 2493 1115 2532 in
1135 2493 1264 2532 sinum
1283 2499 1453 2532 uestrum
1471 2514 1480 2523 ·

1073 2556 1212 2595 eadem
1230 2568 1414 2595 mensura

1072 2631 1150 2671 qua
1173 2619 1299 2658 mensi
1318 2619 1423 2657 eritis
1443 2631 1508 2657 me

1071 2682 1184 2720 tietur
1203 2682 1316 2721 uobis
1331 2702 1340 2712 -
1369 2681 1399 2703 33
1412 2681 1510 2721 Dice

1069 2744 1134 2783 bat
1150 2751 1279 2783 autem
1298 2743 1370 2782 illis
1390 2751 1428 2783 et
1441 2744 1527 2782 simi

1068 2806 1269 2845 litudinem
1285 2827 1294 2836 ·
1343 2805 1450 2844 Num

570 2864 600 2886 ⁸⁴
614 2864 664 2902 Et
684 2865 716 2902 si
736 2872 912 2904 mutuum
934 2867 1033 2906 dede
1068 2869 1162 2920 quid
1181 2875 1310 2919 potest
1328 2880 1470 2909 caecus

571 2927 650 2966 ritis
670 2927 729 2966 his
743 2947 751 2956 -
797 2939 819 2965 a
839 2928 978 2977 quibus

1068 2943 1229 2970 caecum
1250 2931 1390 2971 ducere
1404 2952 1412 2961 ·

2309 234 2383 276 [Vl.
2401 237 2551 279 25—V11.
2569 246 2599 271 1.

1630 352 1764 379 nonne
1784 341 1903 379 ambo
1922 341 1963 379 in
1981 341 2021 380 fo
2068 339 2120 379 Et
2133 339 2265 380 Malus
2278 341 2401 380 homo
2414 343 2463 381 de
2478 355 2543 382 ma

1629 416 1746 442 ueam
1766 403 1908 442 cadent
1922 425 1931 434 ·

1628 465 1659 486 ⁴⁰
1670 478 1752 505 non
1772 472 1830 505 est
1850 467 2059 517 discipulus

1629 541 1746 579 super
1763 530 1991 580 magistrum
2007 550 2015 560 ·

1628 591 1821 642 perfectus
1842 600 1973 631 autem

1628 654 1699 692 erit
1718 655 1847 693 omnis
1867 655 1900 693 si
1919 655 1967 694 sit

1628 716 1726 755 sicut
1743 717 1927 767 magister
1945 718 2028 757 eius
2045 739 2054 749 ·

1625 778 1655 800 ⁴¹
1668 778 1775 827 Quid
1794 786 1924 819 autem
1942 780 2053 820 uides

1625 841 1815 882 festucam
1835 844 1875 881 in
1895 844 2010 883 oculo

1625 904 1751 945 fratris
1766 906 1844 944 tui·
1885 912 1943 944 tra

1624 968 1717 1006 bem
1735 975 1867 1007 autem
1886 981 1986 1019 quae
2005 969 2046 1008 in

1624 1031 1739 1070 oculo
1758 1037 1833 1069 tuo-
1845 1038 1904 1070 est
1923 1044 2006 1070 non

1625 1093 1849 1132 consideras
1863 1115 1872 1124 ·
1901 1094 1931 1115 ⁴²
1943 1101 2009 1133 aut

1624 1157 1826 1207 quomodo
1845 1163 1956 1206 potes
1976 1157 2015 1195 di

1623 1231 1710 1258 cere
1730 1219 1835 1257 fratri
1853 1226 1943 1259 tuo·
1985 1221 2016 1258 si

1571 1288 1583 1296 ⁶
1622 1293 1672 1320 ne
1691 1282 1829 1320 eiciam
1849 1282 1996 1321 festuca

1623 1344 1671 1383 de
1688 1344 1804 1383 oculo
1820 1350 1887 1383 tuo
1904 1365 1913 1375 ·
1946 1351 1983 1384 et
1995 1358 2089 1385 ecce

1620 1407 1661 1445 in
1681 1407 1797 1446 oculo
1817 1414 1883 1446 tuo
1903 1409 2021 1448 trabis

1621 1470 1817 1509 subiacet·
1858 1470 1979 1521 Hypo

1621 1533 1715 1572 crita
1728 1554 1736 1563 ·
1781 1533 1863 1572 eice
1882 1534 2044 1584 primu-

1618 1683 1769 1722 trabem
1788 1682 1836 1722 de
1857 1683 1971 1723 oculo

1617 1751 1686 1784 tuo
1703 1766 1711 1776 ·
1752 1753 1790 1784 et
1808 1752 1900 1786 tunc
1919 1747 2023 1798 respi

1618 1808 1698 1847 cies
1716 1814 1758 1846 ut
1777 1808 1922 1848 educas
1941 1809 1999 1848 fes

1617 1877 1749 1910 tucam
1769 1871 1818 1910 de
1837 1872 1953 1911 oculo
1973 1872 2030 1912 fra

1616 1934 1684 1973 tris
1704 1934 1758 1972 tui
1775 1955 1784 1964 ·
1799 1955 1808 1964 ·
1838 1934 1867 1955 43
1881 1934 1975 1972 Non
1995 1941 2053 1974 est

1617 1996 1723 2035 enim
1743 1997 1858 2035 arbor
1876 1997 1984 2036 bona

1617 2070 1716 2110 quae
1736 2058 1827 2098 facit
1846 2057 1991 2098 fructus

1615 2121 1740 2160 malos
1754 2142 1762 2151 ·
1812 2133 1938 2173 neque
1958 2122 2009 2162 ite

1613 2196 1699 2222 rum
1719 2185 1832 2223 arbor
1849 2185 1952 2223 mala

1613 2245 1760 2285 faciens
1779 2246 1923 2285 fructus
1942 2248 1994 2285 bo

1613 2320 1687 2346 nos
1703 2329 1712 2338 ·
1742 2309 1771 2329 44
1782 2321 2036 2360 unaquaeque

1612 2371 1726 2409 arbor
1744 2383 1793 2409 ex
1813 2370 1938 2409 fructo

1612 2444 1684 2471 suo
1697 2440 1960 2483 cognoscetur
1972 2454 1980 2464 ·

1610 2506 1745 2545 neque·
1757 2495 1890 2545 legunt
1910 2495 1959 2533 de

1611 2557 1732 2607 spinis
1748 2557 1845 2596 ficus
1861 2578 1870 2587 ·
1912 2569 2008 2608 neqs

1609 2619 1657 2658 de
1676 2620 1773 2658 rubo
1796 2619 1968 2658 uindemi

1607 2688 1675 2720 ant
1693 2694 1811 2720 uuam
1826 2703 1835 2713 ·
1866 2683 1894 2703 ⁴⁵
1907 2682 2042 2722 Bonus

2130 404 2169 442 lo
2189 403 2398 444 thensauro
2417 418 2485 444 cor

2131 466 2190 505 dis
2212 467 2269 504 sui
2295 467 2441 517 profert
2459 480 2524 507 ma

2130 528 2168 566 la
2181 549 2190 559 ·
2230 529 2292 567 Ex
2312 530 2551 569 abundantia

2130 591 2235 629 enim
2256 592 2383 630 cordis
2403 604 2449 630 os
2468 593 2551 632 eius

2128 653 2298 704 loquitur
2310 675 2319 684 ·
2348 655 2377 676 43
2389 655 2483 705 quid

2128 723 2258 754 autem
2275 718 2424 756 uocatis
2442 730 2506 757 me

2128 778 2205 817 dne
2225 779 2302 818 dne
2349 787 2387 819 et
2402 793 2484 819 non
2503 780 2542 819 fa

2128 841 2212 879 citis
2231 854 2331 892 quae
2352 843 2441 881 dico
2458 864 2467 873 ·

2126 903 2156 924 ⁴⁷
2169 903 2309 943 Omnis
2325 906 2391 956 qui
2409 906 2516 945 uenit
2534 906 2586 945 ad

2126 978 2190 1005 me
2209 974 2247 1006 et
2267 968 2374 1007 audit
2392 970 2514 1008 uerba

2126 1039 2216 1067 mea
2235 1029 2331 1069 haec
2351 1037 2389 1069 et
2408 1030 2500 1070 facit

2125 1103 2171 1130 ea
2185 1112 2194 1122 ·
2242 1093 2447 1131 ostendam
2466 1105 2519 1132 uo

2126 1154 2186 1192 bis
2205 1155 2316 1193 cuius
2336 1156 2469 1195 similis

2124 1223 2183 1254 est
2199 1237 2207 1246 ·
2234 1217 2264 1238 ⁴⁸
2278 1216 2421 1255 Similis
2441 1226 2500 1258 est

2124 1277 2281 1317 homini
2291 1280 2483 1319 aedifican

2124 1341 2152 1378 ti
2178 1341 2339 1380 domum
2358 1343 2424 1394 qui
2441 1343 2482 1382 fo

2125 1403 2179 1442 dit
2198 1404 2239 1442 in
2257 1405 2376 1443 altum
2392 1426 2401 1436 ·
2443 1412 2482 1445 et
2500 1419 2553 1458 po

2124 1467 2198 1505 suit
2217 1467 2468 1508 fundamenta

2123 1542 2242 1581 supra
2261 1537 2371 1582 petra
2383 1552 2392 1561 ·
2441 1532 2482 1570 in

2122 1681 2308 1720 undantia
2326 1687 2456 1720 autem

2120 1743 2222 1783 facta
2267 1745 2379 1783 allisit
2397 1745 2452 1783 flu

2120 1818 2212 1845 men
2232 1807 2365 1845 domui
2384 1807 2459 1845 illi·

2119 1875 2158 1907 et
2178 1881 2260 1908 non
2279 1871 2405 1920 potuit
2423 1883 2512 1909 eam

2118 1944 2278 1971 mouere
2293 1953 2303 1963 ·
2350 1933 2472 1972 funda

2117 2001 2156 2033 ta
2174 1995 2281 2033 enim
2300 2001 2381 2034 erat
2400 2008 2517 2046 supra

2116 2063 2225 2108 petra
2237 2078 2246 2088 ·
2276 2058 2306 2080 ⁴⁹
2319 2057 2424 2097 Nam
2443 2059 2511 2110 qui

2116 2120 2222 2158 audit
2240 2126 2278 2159 et
2298 2133 2380 2159 non
2400 2121 2514 2160 facit·

2118 2182 2260 2221 Similis
2279 2190 2337 2222 est
2356 2183 2506 2223 homini

2115 2245 2332 2284 aedificanti
2352 2246 2473 2284 dorm-1

2116 2320 2229 2346 suam
2249 2320 2366 2358 supra
2384 2314 2518 2346 terra·-

2114 2370 2197 2408 sine
2217 2369 2471 2409 fundamento
2488 2391 2497 2400 ·

2047 2446 2050 2448 ’
2113 2432 2225 2471 allisit
2244 2433 2391 2472 flumen
2412 2433 2464 2472 do

2112 2496 2193 2534 mui
2212 2495 2264 2533 illi
2310 2502 2347 2534 et
2366 2496 2554 2535 continuo

2112 2558 2282 2597 concidit
2301 2564 2339 2597 et
2358 2558 2459 2597 faeta
2477 2565 2535 2598 est

2110 2621 2222 2659 ruina
2241 2621 2378 2660 domus
2398 2621 2484 2660 ilius

2210 2696 2355 2733 magna
2374 2701 2428 2721 ω

1607 2744 1728 2784 homo
1748 2745 1797 2784 de
1815 2745 1924 2784 bono
1943 2745 2055 2786 thens
2075 2744 2095 2767 *
2110 2745 2172 2786 ’1.1
2185 2746 2235 2784 Et
2249 2746 2395 2785 factum
2414 2753 2471 2785 est
2486 2759 2576 2786 cum

1605 2819 1702 2846 auro
1725 2808 1853 2847 cordis
1873 2809 1932 2847 sui

1605 2869 1750 2920 profert
1769 2871 1918 2910 bonum

2074 2807 2093 2830 *
2109 2809 2306 2860 implesset
2324 2810 2456 2848 omnia

2106 2872 2227 2910 uerba
2246 2871 2342 2911 haec
2357 2872 2396 2910 in
2407 2873 2532 2911 auribs

2616 353 2698 386 1¹01.
2713 353 2796 387 102.
